2884 4738
727 305 913 364 ..6,

289 491 385 550 quam
406 475 550 549 superius
570 473 646 545 dixi,
666 474 720 533 ubi
738 475 886 534 sederant
904 474 960 533 filii
981 475 1108 546 Israhel,
1129 476 1203 534 dum
1221 475 1340 552 Moyses·

293 563 475 622 ascenderet
505 565 540 643 in
571 567 709 629 montem
740 564 795 623 Dei
827 567 859 623 et
887 565 1106 625 descenderet:
1137 565 1244 641 itaque
1275 582 1338 642 ergo

289 653 424 728 singula,
444 668 535 729 quem
552 654 592 712 ad
609 654 737 712 modum
753 654 900 713 uenimus
918 672 973 730 per
990 655 1091 730 ipsam
1107 659 1204 714 totam
1221 655 1338 728 uallem,

288 761 412 819 semper
435 743 527 802 nobis
552 743 655 802 sancti
679 743 725 801 illi
749 744 818 802 Ioca
843 744 1108 804 demonstrabant.
1152 746 1185 808 2.
1208 745 1287 804 Nam
1309 747 1338 804 in

291 834 391 907 primo
417 833 518 908 capite
543 832 641 907 ipsius
666 833 768 904 uallis,
792 833 847 892 ubi
872 852 1087 893 manseramus
1112 837 1144 895 et
1166 833 1339 894 uideramus

291 922 404 980 rubum
431 922 530 993 illum,
557 923 597 980 de
623 939 689 998 quo
713 924 840 983 Iocutus
863 927 914 983 est
940 925 1023 982 Deus
1050 928 1158 983 sancto
1186 923 1286 1000 Moysi
1310 923 1342 982 in

294 1013 373 1087 igne,
404 1011 583 1070 uideremus
614 1011 709 1072 etiam
738 1017 771 1071 et
798 1012 890 1075 illum
919 1015 1031 1084 Iocum,
1063 1015 1096 1072 iu
1127 1031 1188 1090 quo
1220 1017 1341 1073 steterat

293 1106 365 1160 ante
386 1100 496 1160 rubum
515 1107 644 1162 sanctus
664 1101 798 1178 Moyses,
819 1103 944 1178 quando
963 1103 994 1163 ei
1015 1102 1095 1162 dixit
1113 1104 1212 1162 Deus:
1232 1103 1342 1175 „Solue

293 1191 457 1266 corrigiam
482 1190 676 1251 calciamenti
702 1191 763 1264 tui3
788 1193 875 1251 Iocus
899 1193 994 1263 enim,
1020 1193 1053 1251 in
1078 1210 1140 1268 quo
1165 1197 1239 1263 stas
1265 1197 1344 1252 terra

292 1283 402 1338 sancta
426 1283 504 1339 est.“
550 1282 584 1345 3.
610 1280 654 1339 Ac
678 1282 726 1341 sic
751 1299 825 1356 ergo
853 1287 956 1341 cetera
980 1282 1058 1353 loca,
1086 1283 1343 1358 quemadmodum

293 1369 424 1444 profecti
447 1387 553 1429 sumus
577 1371 614 1429 de
636 1370 723 1442 rubo,
746 1389 868 1446 semper
889 1371 981 1431 nobis
1004 1367 1154 1446 ceperunt
1174 1373 1342 1432 ostendere.

292 1459 370 1517 Nam
392 1462 425 1517 et
447 1464 702 1521 monstrauerunt
724 1461 836 1532 Iocum,
860 1460 914 1520 ubi
938 1455 1065 1520 luerunt
1088 1466 1190 1520 castra
1212 1461 1345 1521 filiorum

294 1548 411 1607 Israhel
437 1549 487 1609 his
515 1549 634 1620 diebus,
661 1549 774 1626 quibus
799 1551 924 1626 Moyses
951 1550 1010 1609 luit
1035 1552 1067 1609 in
1091 1556 1238 1611 montem.
1264 1551 1345 1610 Mon-

292 1642 472 1698 strauerunt
495 1641 591 1698 etiam
617 1639 730 1710 locum,
756 1639 810 1698 ubi
836 1640 937 1698 lactus
963 1643 1012 1699 est
1037 1641 1155 1699 uitulus
1180 1640 1248 1712 iIIe3
1275 1639 1346 1699 nam

293 1725 326 1787 in
346 1745 384 1787 eo
406 1729 475 1787 Ioco
496 1728 577 1788 fixus
596 1733 647 1788 est
666 1745 765 1805 usque
787 1731 821 1789 in
841 1730 933 1790 hodie
953 1730 1033 1806 Iapis
1054 1731 1189 1806 grandis,
1228 1733 1262 1795 4.
1283 1731 1345 1790 Nos

292 1819 395 1889 etiam,
422 1819 684 1893 quemadmodum
708 1818 840 1890 ibamus,
866 1820 1036 1880 decontra
1058 1820 1242 1880 uidebamus
1269 1838 1348 1880 sum·

292 1909 432 1967 mitatem
456 1909 582 1980 montis,
608 1927 667 1984 que
690 1909 876 1984 inspiciebat
897 1927 992 1984 super
1015 1910 1084 1984 ipsa
1107 1910 1189 1969 ualle
1213 1914 1286 1981 tota,
1310 1911 1347 1969 de

294 2014 356 2072 quo
372 1999 442 2056 Ioco
458 2003 585 2057 sanctus
601 1997 725 2074 Moyses
740 1998 822 2057 uidit
836 1998 918 2068 filios
935 2000 1052 2058 Israhel
1068 1999 1219 2059 habentes
1235 2000 1348 2058 choros

293 2087 342 2146 his
371 2086 490 2159 diebus,
519 2105 581 2163 qua
606 2088 745 2147 fecerant
768 2089 911 2147 uitulum.
957 2091 990 2152 5.
1019 2087 1349 2148 Ostenderunt'etiam

293 2180 412 2250 petram
442 2178 598 2252 ingentem
629 2179 662 2236 iu
690 2179 760 2252 ipso
790 2178 868 2250 Ioco,
899 2178 952 2237 ubi
984 2178 1192 2238 descendebat
1219 2183 1349 2238 sanctes

293 2265 417 2340 Moyses
439 2284 509 2325 cum
530 2267 604 2326 Jesu
624 2266 689 2327 filio
709 2268 806 2339 Naue,
828 2268 867 2326 ad
889 2287 981 2344 quem
1000 2274 1120 2344 petram
1140 2270 1237 2328 iratus
1258 2268 1353 2345 fregit
1431 2319 1432 2330 .

293 2355 425 2427 tabuIaS,
446 2373 523 2432 quas
541 2356 699 2417 afferebat.
738 2357 948 2417 Ostenderunt
962 2359 1067 2429 etiam,
1086 2358 1354 2434 quemadmodum

293 2463 348 2519 per
378 2447 478 2520 ipsam
507 2447 622 2505 uallem
652 2448 871 2523 unusquisque
897 2465 1006 2506 eorum
1036 2447 1222 2506 abitationes
1254 2448 1353 2507 habu·

247 2560 250 2566 ·
292 2539 390 2606 erant,
416 2535 453 2594 de
478 2535 592 2611 quibus
615 2535 839 2596 abitaIIonibus
862 2555 963 2613 usque
986 2537 1019 2594 in
1042 2537 1135 2596 hodie
1158 2537 1260 2596 adhuc
1283 2537 1355 2596 lun-

292 2624 438 2683 damenta
476 2631 594 2700 parent,
635 2626 898 2702 quemadmodum
935 2625 1063 2685 luerunt
1097 2627 1201 2701 lapide
1240 2627 1354 2702 girata.
1395 2617 1398 2621 ’

294 2713 504 2774 Ostenderunt
524 2717 621 2774 ‘etiam
647 2716 759 2787 locum,
783 2715 838 2774 ubi
862 2714 943 2774 filios
969 2716 1086 2775 Israhel
1111 2715 1202 2776 Iussit
1225 2733 1356 2775 currere

259 2848 264 2858 .
293 2810 422 2864 sanctus
441 2805 565 2880 Moyses
586 2807 623 2864 de
641 2809 730 2881 porta
748 2807 780 2865 in
799 2809 898 2880 porta,
918 2823 1077 2880 regressus
1096 2805 1159 2882 ald]
1177 2805 1358 2885 monte[m].

292 2895 328 2958 d.
355 2889 430 2953 Item
455 2896 661 2954 ostenderunt
686 2895 776 2955 nobis
804 2895 916 2967 Iocum,
943 2895 998 2954 ubi
1025 2897 1171 2955 incensus
1197 2899 1246 2954 est
1271 2895 1358 2955 uitu-

292 2983 341 3043 lus
368 2985 435 3059 ipse
462 2984 587 3044 iubente
610 2989 722 3048 saneto
747 2984 864 3060 Moyse,
891 2995 984 3061 quem·
1000 2983 1004 3061 l
1022 2985 1139 3045 fecerat
1163 2984 1208 3045 eis
1233 2984 1357 3045 Aaron.
1376 2997 1406 3042 ac

294 3075 329 3137 ¹7.
345 3073 420 3132 Item
435 3075 640 3133 ostenderunt
654 3077 823 3134 torrentem
838 3075 937 3146 illum,
952 3077 992 3134 de
1009 3093 1071 3152 quo
1086 3075 1251 3152 polrMauit
1264 3093 1359 3135 sanc·

294 3167 344 3221 tus
358 3162 482 3238 Moyses
497 3163 579 3223 filios
595 3163 721 3236 Israhel,
737 3165 819 3223 sicut
832 3165 980 3239 scripturn
992 3169 1041 3224 est
1053 3165 1088 3228 in
1100 3165 1217 3223 Exodo.
1242 3165 1360 3224 Osten-

294 3253 406 3312 derunt
424 3255 519 3311 etiam
539 3252 630 3312 nobis
650 3255 763 3324 Iocum,
783 3253 836 3312 ubi
855 3255 894 3313 de
915 3254 1025 3330 spiritu
1043 3253 1143 3329 Moysi
1163 3259 1361 3328 acceperunt

292 3344 490 3418 septuaginta
511 3343 580 3401 uiri.
622 3343 697 3402 Item
719 3344 922 3403 ostenderunt
943 3344 1055 3414 Iocum,
1078 3342 1131 3402 ubi
1154 3341 1209 3401 filii
1231 3344 1361 3403 Israhel

293 3431 469 3490 habuerunt
505 3433 790 3507 concupiscentiam
806 3468 809 3472 ·
824 3450 978 3492 escarum.
1015 3432 1112 3491 vNam
1147 3433 1363 3492 ostenderunt

293 3520 386 3581 nobis
407 3522 502 3579 etiam
522 3521 664 3581 stillum
684 3524 797 3594 Iocum,
821 3522 873 3598 qui
896 3522 1069 3598 appellatus
1089 3525 1139 3580 est
1159 3523 1361 3594 incendium,

295 3612 370 3686 quia
390 3610 520 3669 incensa
539 3615 589 3670 est
609 3612 744 3688 quedam
762 3629 834 3688 pars
855 3616 1040 3682 castrorum,
1063 3615 1137 3670 tunc
1157 3629 1221 3688 qua
1241 3615 1362 3671 orante

198 3713 225 3753 43
239 3712 280 3754 oc.
298 3704 407 3759 sancto
425 3699 532 3776 Moyse
550 3702 688 3760 cessauit
704 3701 794 3776 ignis.
829 3703 863 3765 8.
882 3701 1093 3769 ostenderunt
1107 3700 1202 3760 etiam
1217 3704 1249 3760 et
1264 3701 1367 3760 illum

294 3790 406 3861 locum,
436 3789 489 3848 ubi
517 3791 564 3848 eis
593 3790 672 3865 pluit
697 3809 815 3849 manna
840 3797 872 3850 et
899 3791 1085 3850 coturnices.
1131 3790 1175 3849 Ac
1203 3791 1248 3848 sic
1276 3807 1363 3866 ergo

295 3880 426 3955 singula,
457 3897 650 3956 quecumque
680 3881 795 3956 scripta
822 3883 898 3938 sunt
924 3880 957 3938 in
986 3880 1073 3939 libris
1103 3879 1219 3939 sanctis
1248 3879 1364 3955 Moysi

295 3969 378 4028 tacta
406 3970 505 4028 luisse
535 3969 568 4028 in
595 3977 636 4029 eo'
664 3970 743 4041 Ioco,
772 3970 805 4028 id
833 3972 883 4030 est
910 3969 943 4028 in
970 3987 1010 4028 ea
1037 3969 1130 4041 ualle,
1161 3987 1254 4044 quam
1284 3968 1364 4028 dixi

295 4058 457 4119 subiacere
487 4060 585 4118 monti
617 4059 681 4131 Del,
712 4059 744 4117 id
772 4062 823 4118 est
850 4064 962 4118 sancto
993 4059 1087 4135 Syna,
1119 4061 1247 4118 ostensa
1277 4060 1367 4118 sunt
