2884 4738
522 326 709 388 ..9-

82 491 165 546 terra
184 488 281 548 Gesse
300 490 364 560 est3
382 504 456 546 nam
474 487 547 548 inde
565 486 669 562 ipsum
688 487 876 547 territorium
896 488 941 547 sic
960 488 1145 563 appellatur,

11 589 58 631 c.
82 577 115 635 id
137 581 185 636 est
205 581 285 636 terra
312 576 455 646 Arabiae,
479 580 562 636 terra
582 577 675 648 Iesse,
700 594 779 652 quae
801 581 906 635 tamen
929 580 1011 635 terra
1033 576 1142 653 Egypti

81 683 155 742 pars
173 671 229 737 est,
249 667 305 726 sed
321 665 431 727 melior
448 665 526 725 satis
543 683 637 741 quam
652 667 756 725 omnis
774 666 911 741 Egyptus
929 669 985 725 est.
1012 667 1046 728 2.
1064 665 1146 724 Sunt

81 772 153 830 ergo
180 773 199 812 a
227 754 359 827 Clesma,
385 755 418 813 id
444 759 493 814 est
518 772 538 812 a
562 772 647 814 mare
674 754 777 827 rubro,
803 771 903 830 usque
929 755 970 813 ad
995 753 1142 813 Arabiam

81 843 241 903 ciuitatem
267 843 446 903 mansiones
473 847 549 920 quat
537 846 620 902 ttuor
645 861 699 918 per
725 844 860 915 heremo,
887 844 932 903 sic
959 847 1062 902 tamen
1088 860 1182 958 perM
1184 847 1273 1050 wi
1281 858 1356 921 pp&

19 943 65 986 ca.
80 932 293 1081 hpremum,u
271 935 396 1010 utcma
414 932 594 992 mansiones
613 931 803 992 monasteria
821 931 884 991 sint
902 949 973 990 cum
991 933 1057 992 mili
1060 909 1182 991 tibusM
1267 997 1333 1041 W
1328 893 1363 1011 ‘3

80 1021 297 1097 etpraeposit
298 1020 335 1093 is,
365 1023 417 1097 qui
445 1039 504 1080 nos
532 1014 728 1081 deducebant
715 1024 877 1121 tsemper
904 1021 942 1080 de
970 1025 1072 1081 castro
1100 1009 1181 1080 adl
1193 1025 1238 1064 l

80 1115 227 1169 castrum.
266 1111 301 1169 In
331 1128 367 1170 eo
398 1128 509 1186 ergor
498 1109 608 1170 itinere
638 1109 737 1169 sancti
766 1110 820 1186 qui
849 1110 1013 1170 nobiSoum
1041 1114 1141 1181 erant,
1154 1089 1277 1152 ΜΗ
1259 1164 1312 1210 e

80 1199 140 1257 hoc
159 1204 207 1259 est
195 1198 328 1259 tolerioi
346 1199 398 1259 uel
415 1199 570 1272 monachi,
586 1199 795 1259 ostendebant
812 1199 903 1259 nobis
922 1200 1046 1276 singula
1062 1200 1141 1270 loca,
1185 1185 1252 1224 '²

79 1307 160 1364 quae
191 1307 313 1363 semper
341 1305 397 1363 ego
425 1289 513 1346 iuxta
541 1289 711 1364 scripturas
739 1288 950 1363 requIrebam;
979 1306 1053 1346 nam
1080 1287 1146 1347 alia
1203 1297 1206 1302 ’

78 1377 112 1437 in
145 1377 281 1450 sinistro,
314 1379 377 1438 alia
408 1379 441 1438 in
473 1379 581 1438 dextro
614 1379 652 1438 de
683 1377 793 1438 itinere
825 1378 916 1438 nobis
946 1382 1045 1450 erant,
1077 1377 1140 1436 alia

80 1466 175 1526 etiam
192 1466 315 1543 longius
333 1467 371 1527 de
388 1467 451 1540 uia,
469 1468 533 1527 alia
548 1468 581 1527 in
598 1467 749 1543 proximo.
776 1469 810 1530 3.
828 1466 908 1526 Nam
925 1466 1018 1526 michi
1036 1467 1145 1527 credat
1187 1541 1193 1554 .

78 1556 153 1615 uolo
191 1556 314 1615 affectio
353 1560 469 1629 uestra,
509 1560 660 1632 quantum
699 1560 804 1616 tamen
842 1556 1003 1632 peruidere
1042 1557 1141 1632 potui,

80 1643 163 1704 filios
185 1645 302 1704 Israhel
325 1645 370 1704 sic
392 1646 580 1717 ambulasse,
603 1650 638 1705 ut
659 1649 811 1722 quantum
833 1647 914 1705 irent
935 1646 1053 1718 dextra,
1077 1650 1143 1705 tan-

79 1737 147 1792 tum
171 1737 399 1794 reuerterentur
424 1733 559 1806 sinistra,
586 1739 738 1810 quantum
762 1734 864 1793 denuo
889 1734 922 1793 in
946 1738 1017 1794 ante
1043 1734 1139 1806 ibant,

79 1826 201 1882 tantum
228 1823 330 1882 denuo
357 1827 439 1882 retro
466 1823 716 1883 reuertebantur:
743 1827 774 1882 et
800 1824 845 1883 sic
871 1824 1011 1884 iecerunt
1036 1823 1141 1899 ipsum

79 1911 147 1983 iter,
169 1911 267 1970 donec
288 1912 486 1987 peruenirent
504 1913 545 1971 ad
565 1929 651 1972 mare
670 1912 807 1972 rubrum.
837 1914 871 1975 4.
892 1912 971 1971 Nam
992 1915 1023 1971 et
1043 1913 1141 1987 Epau-

79 2000 164 2058 leum
187 2004 366 2060 οειιιιιειιιιι1
389 2005 438 2061 est
458 2001 559 2072 nobis,
583 2001 621 2060 de
644 2005 752 2060 contra
775 2006 888 2073 tamen,
911 2005 944 2061 et
964 2001 1143 2077 Magdalum

80 2090 207 2148 luimus.
245 2089 326 2148 Nam
355 2095 491 2150 castrum
520 2093 570 2150 est
596 2090 639 2150 ibi
668 2108 751 2149 nunc
779 2090 899 2150 habens
928 2092 1142 2166 praepositum

80 2195 152 2237 cunr
173 2179 281 2251 milite,
304 2179 357 2255 qui
379 2179 422 2238 ibi
444 2197 526 2238 nuno
548 2179 704 2255 praesidet
725 2197 781 2254 pro
803 2179 969 2255 disciplina
989 2179 1141 2239 Romana.

80 2266 160 2325 Nam
186 2271 217 2327 et
242 2285 300 2327 nos
326 2268 415 2327 iuxta
440 2267 697 2328 consuetudinem
724 2268 918 2328 deduxerunt
942 2268 1015 2327 inde
1041 2285 1142 2344 usque

79 2357 120 2414 ad
148 2357 234 2415 aliud
263 2360 410 2428 castrum,
440 2359 535 2416 etiam
564 2357 745 2416 Beelsei0n2
772 2361 935 2417 ostensum
963 2361 1012 2416 est
1039 2357 1141 2430 nobis,

79 2445 176 2504 immo
205 2445 239 2504 in
269 2464 306 2505 eo
337 2447 405 2505 loco
435 2445 561 2506 iuImus.
601 2446 680 2504 Nam
710 2447 778 2522 ipse
809 2451 857 2507 est
886 2464 1014 2522 campus
1046 2465 1142 2522 supra

79 2551 166 2593 mare
188 2532 316 2594 rubrum
339 2535 427 2595 iuxta
450 2535 532 2594 latus
555 2535 680 2606 montis,
704 2553 796 2610 quem
820 2536 964 2611 superius
988 2535 1062 2608 dixi,
1086 2535 1141 2595 ubi

80 2622 137 2682 filii
159 2623 286 2696 Israhel,
309 2641 380 2682 cum
401 2624 558 2684 uidissent
579 2625 726 2700 Egyptios
747 2628 820 2700 post
841 2642 876 2685 se
897 2624 1068 2697 uenientes,
1091 2643 1142 2684 ex·
1235 2665 1239 2673 -

80 2712 303 2772 olamauerunt.
335 2715 368 2775 5.
392 2711 473 2772 Οιοιι
495 2714 589 2773 etiam
611 2717 773 2773 ostensum
794 2717 843 2773 est
865 2713 964 2785 nobIs,
988 2714 1071 2789 quod
1093 2717 1143 2772 est

79 2800 168 2860 iuxta
194 2801 317 2861 deserta
344 2802 421 2873 loca,
450 2802 531 2861 sicut
557 2802 705 2877 scriptum
732 2806 788 2875 est,
815 2820 872 2862 nec
898 2820 962 2862 non
987 2804 1084 2862 etiam
1109 2806 1141 2862 et

24 2889 245 2949 oa.Socohoth.
284 2890 438 2950 Socchoth
468 2894 571 2950 autem
601 2894 650 2952 est
677 2891 777 2951 cliuus
806 2891 947 2950 modicus
975 2891 1008 2950 in
1037 2891 1142 2952 media

79 2979 172 3050 ualle,
197 2980 286 3040 iuxta
313 2997 405 3055 quem
431 2979 609 3039 colliculum
635 2979 771 3040 fixerunt
795 2983 899 3039 castra
923 2978 980 3039 filii
1006 2980 1141 3052 Israhel;

78 3085 151 3126 nam
171 3068 221 3127 hio
241 3073 290 3129 est
307 3069 405 3140 locus,
425 3068 479 3127 ubi
498 3072 625 3144 accepta
644 3072 692 3128 est
710 3069 761 3128 lex
780 3069 924 3144 paschae.
954 3071 987 3132 o.
1006 3069 1141 3129 Pithona

78 3157 174 3216 etiam
198 3157 318 3229 ciuitas,
345 3176 438 3233 quam
462 3157 687 3218 edifioauerunt
710 3157 766 3216 filii
790 3159 916 3230 Israhel,
942 3163 1068 3218 ostensa
1092 3162 1142 3218 est

24 3257 52 3299 o.
80 3245 172 3305 nobis
201 3245 234 3305 in
264 3246 333 3322 ipso
363 3246 483 3318 itinere,
513 3247 546 3306 in
575 3264 612 3308 eo
643 3251 747 3306 tamen
776 3247 855 3320 loc0,
886 3247 941 3306 ubi
968 3247 1031 3306 iam
1060 3246 1142 3307 fines

78 3333 187 3410 Egypti
218 3334 404 3395 intrauimus
435 3336 645 3412 relinquentes
675 3336 739 3395 iam
768 3341 866 3396 terras
896 3336 1138 3396 Saracenorum:

77 3441 151 3482 nam
171 3427 202 3482 et
219 3423 313 3498 ipsud
331 3442 414 3483 nunc
433 3423 566 3483 Phitona
584 3427 721 3484 castrum
740 3429 796 3486 est.
826 3426 859 3488 7.
878 3425 1015 3486 Heroum
1035 3430 1140 3484 autem

78 3512 200 3582 ciuitas,
226 3530 306 3587 quae
329 3511 391 3573 luit
412 3513 466 3572 illo
491 3517 638 3588 tempore,
663 3514 695 3572 id
720 3518 767 3573 est
791 3513 845 3572 ubi
869 3514 1003 3573 occurrit
1026 3515 1139 3589 Ioseph

78 3601 159 3678 patri
176 3618 234 3660 suo
251 3602 345 3661 Iacob'
359 3602 509 3674 uenienti,
527 3603 609 3662 sicut
624 3602 773 3678 scriptum
790 3608 838 3663 est
853 3603 886 3663 in
903 3603 982 3662 libro
999 3603 1140 3678 Genesis

1374 959 1391 996 J

78 3707 162 3749 nunc
193 3694 242 3750 est
272 3708 387 3776 comes,
419 3693 475 3751 sed
506 3691 640 3767 grandis,
672 3692 756 3768 quod
786 3710 844 3752 nos
877 3692 1008 3751 dicimus
1039 3694 1138 3752 uicus.

78 3779 111 3842 8.
142 3779 222 3837 Nam
250 3779 318 3855 ipse
347 3779 437 3839 uicus
466 3780 632 3840 ecclesiam
659 3781 754 3840 habet
780 3787 813 3839 et
841 3783 990 3856 martyria
1018 3784 1050 3840 et
1077 3798 1141 3840 mo·

76 3868 216 3928 nasleria
237 3866 370 3943 plurima
390 3873 573 3928 =sanctorum
595 3871 828 3941 monachorum,
851 3870 892 3929 ad
915 3887 994 3946 quae
1017 3869 1141 3946 singula

151 4056 162 4089 ¹
179 4062 304 4113 ostensus
323 4061 356 4114 A.
370 4063 428 4100 -ι
446 4064 473 4114 et
489 4059 654 4115 loebelselon
666 4059 716 4115 Aa

339 4245 404 4308 illu·
447 4296 450 4311 ι

400 4324 403 4349 Ι
448 4316 451 4325 ι
