2884 4738
709 278 916 336 ,40-

215 509 218 520 Ι
285 439 407 498 suntin
427 437 589 516 euangelio
608 439 641 498 in
660 442 731 497 cata
749 438 882 510 Matheo,
902 437 934 497 id
954 441 1002 498 est
1020 436 1074 496 ubi
1094 436 1183 496 dicit:
1205 435 1340 510 “Videte,

282 544 323 586 ne
345 527 414 603 quis
436 544 495 586 uos
518 527 675 587 seducat’.
707 527 746 585 Et
764 544 890 586 ornnem
911 527 1013 602 ipsam
1034 527 1255 586 allocutionem
1277 543 1341 602 per-

283 616 364 692 leget
391 616 565 692 episcopus.
603 616 644 674 At
670 615 724 676 uhi
751 619 857 675 autem
885 616 940 675 illa
966 615 1139 692 perlegerit,
1167 614 1203 674 fit
1229 614 1341 688 oratio,

283 705 508 765 benedicuntur
530 704 746 777 cathecumini,
770 706 848 764 item
869 709 900 765 et
923 704 1041 777 fideles
1065 703 1100 764 fit
1122 704 1220 764 missa
1244 707 1276 763 et
1298 722 1341 763 re·

209 823 214 874 -ε
283 798 447 853 uertuntur
464 811 485 852 a
503 798 610 854 'monte
627 794 843 870 unusquisque
861 794 902 852 ad
920 794 1047 853 domum
1066 811 1156 854 suam
1175 793 1253 853 satis
1272 810 1344 854 sera

282 882 345 944 iam
371 887 473 944 nocte.

352 971 485 1031 XXXIV.
517 972 593 1033 Item
616 976 726 1048 quarta
746 972 824 1032 feria
845 975 979 1048 aguntur
1000 972 1105 1031 omnia
1127 989 1181 1048 per
1203 975 1271 1031 tota
1291 971 1341 1032 die

282 1078 302 1119 a
317 1061 404 1136 pullo
421 1061 521 1136 primo
539 1060 620 1120 sicut
637 1061 775 1121 secunda
791 1060 870 1121 teria
887 1065 918 1121 et
936 1062 1027 1121 tertia
1044 1061 1130 1134 teria,
1149 1061 1204 1122 sed
1221 1064 1341 1137 postea-

283 1167 376 1225 quam
401 1150 498 1210 missa
523 1149 605 1209 iacta
630 1149 724 1210 fuerit
746 1154 838 1210 nocte
861 1151 902 1210 ad
926 1149 1109 1226 Martyrium
1133 1154 1165 1210 et
1188 1150 1340 1209 deductus

282 1239 375 1299 luerit
395 1239 560 1314 episcopus
581 1256 652 1298 curn
671 1240 775 1315 ymnis
795 1240 836 1299 ad
855 1239 1018 1312 Anastase,
1040 1240 1146 1298 statim
1166 1238 1263 1298 intrat
1281 1237 1341 1314 epi-

284 1345 397 1402 scopus
415 1329 448 1389 in
467 1329 624 1403 spelunca,
645 1346 725 1404 quae
743 1328 842 1388 estin
859 1328 1022 1400 Anastase,
1042 1334 1074 1388 et
1091 1332 1155 1388 stat
1172 1330 1255 1388 intra
1273 1345 1340 1389 can·

283 1417 394 1489 cellos3
412 1418 573 1493 presbyter
591 1421 694 1476 autem
712 1422 785 1477 ante
802 1418 975 1478 cancellum
992 1420 1054 1478 stat
1072 1420 1104 1478 et
1120 1417 1233 1492 accipit
1251 1434 1341 1477 euan-

261 1506 397 1582 gelium
426 1510 457 1566 et
485 1506 559 1582 legit
587 1507 675 1566 illum
704 1508 817 1579 locum,
846 1507 901 1567 ubi
930 1506 1023 1567 ludas
1054 1505 1231 1567 Scariothes
1262 1505 1341 1565 hiuit

282 1594 323 1653 ad
345 1595 466 1668 ludeoS,
490 1594 639 1668 definiuit,
663 1596 738 1671 quid
760 1596 788 1655 ei
810 1596 928 1669 darent,
950 1600 986 1655 ut
1007 1596 1143 1656 traderet
1164 1595 1340 1656 Dominum.

283 1682 342 1759 Qui
367 1685 455 1743 locus
481 1687 514 1742 at
539 1684 592 1743 ubi
617 1685 717 1744 lectus
742 1685 844 1757 fuerit,
871 1689 977 1744 tantus
1002 1685 1122 1762 rugitus
1148 1688 1179 1744 et
1203 1685 1340 1762 mugitus

283 1776 331 1832 est
354 1775 449 1832 totius
474 1773 590 1849 populi,
615 1779 650 1833 ut
671 1775 777 1834 nullus
802 1775 851 1848 sit,
877 1775 930 1851 qui
954 1774 1074 1836 moueri
1097 1792 1160 1834 non
1184 1775 1288 1851 possit
1309 1774 1341 1832 in

282 1861 418 1921 lacrimis
444 1862 477 1921 in
505 1879 542 1921 ea
568 1865 654 1922 hora.
690 1863 892 1923 Postmodum
918 1862 953 1923 fit
979 1864 1089 1938 oratio,
1116 1863 1341 1924 benedicuntur

283 1951 500 2024 cathecumini,
518 1953 718 2027 postmodum
735 1952 853 2026 fideles,
871 1958 903 2013 et
919 1952 955 2012 fit
972 1954 1078 2013 missa.

351 2039 470 2100 XXXV.
498 2042 531 2103 1.
549 2041 627 2101 Item
645 2043 752 2118 quinta
770 2042 848 2102 teria
864 2046 998 2119 aguntur
1015 2061 1053 2103 ea
1071 2043 1109 2102 de
1126 2044 1211 2119 pullo
1229 2043 1339 2119 primo,

282 2147 362 2205 quae
383 2130 619 2190 consuetudinis
641 2134 809 2208 estusque
830 2132 871 2190 ad
890 2150 983 2192 mane
1003 2133 1044 2191 ad
1065 2133 1235 2204 Anastase;
1259 2132 1340 2193 sirni-

222 2216 225 2222 ’
282 2219 353 2278 liter
372 2219 412 2278 ad
436 2220 526 2280 tertia
549 2224 579 2279 et
601 2221 641 2280 ad
663 2225 760 2280 sexta.
794 2219 912 2280 Octaua
934 2225 1038 2281 autem
1061 2222 1139 2280 hora
1160 2223 1251 2281 iuxta
1272 2239 1340 2280 con-

282 2309 479 2368 suetudinem
499 2310 540 2368 ad
561 2308 743 2386 Martyrium
764 2310 887 2386 colliget
909 2327 942 2370 se
963 2312 1065 2370 omnis
1087 2311 1230 2386 populuS,
1253 2328 1340 2387 prop·
1418 2315 1419 2340 ³

282 2401 368 2457 terea
395 2402 500 2458 autern
530 2400 700 2474 temporius
731 2416 825 2474 quam
854 2399 964 2458 ceteris
995 2400 1115 2472 diebuS,
1145 2400 1218 2475 quia
1248 2399 1340 2459 citius

280 2487 380 2547 missa
402 2486 468 2546 fieri
491 2505 622 2548 necesse
644 2491 717 2548 θεῖ..
734 2487 841 2564 Itaque
865 2506 937 2564 ergo
960 2489 1089 2548 collecto
1114 2489 1200 2548 omni
1223 2489 1340 2564 populo

281 2579 423 2652 aguntur,
451 2593 531 2652 quae
557 2577 678 2653 agenda
704 2581 793 2650 sunt;
820 2576 856 2636 fit
880 2578 950 2653 ipsa
976 2577 1026 2638 die
1053 2577 1170 2636 oblatio
1197 2577 1237 2635 ad
1265 2577 1340 2636 Mar·

282 2665 396 2742 tyrium
414 2669 445 2726 et
462 2664 575 2725 iacitur
592 2666 689 2726 missa
708 2667 785 2725 hora
802 2666 934 2726 forsitan
952 2666 1071 2726 decima
1089 2665 1214 2726 ibidem.
1242 2667 1341 2726 Antea
1417 2695 1418 2704 κ

281 2758 386 2814 autem
418 2772 512 2830 quam
543 2753 598 2814 fiat
628 2755 735 2827 missa,
767 2755 870 2815 mittet
900 2773 1009 2815 uocem
1040 2755 1279 2816 archidiaconus
1311 2759 1342 2814 θῖ

282 2843 378 2902 dicet:
411 2843 513 2903 “Hora
544 2846 643 2920 prima
672 2845 775 2904 noctis
805 2862 916 2904 omnes
947 2845 980 2904 in
1010 2843 1150 2917 ecclesia,
1182 2862 1263 2920 quae
1294 2849 1341 2905 est

280 2933 314 2990 in
344 2932 470 3004 Eleona,
501 2933 736 3005 conueniamus,
767 2935 916 3009 quoniam
945 2934 1102 2993 maximus
1131 2933 1220 2992 labor
1249 2932 1340 2992 nohis

281 3020 379 3080 instat
407 3021 500 3081 hodie
530 3026 622 3083 nocte
652 3023 743 3082 ista’'.
783 3023 816 3085 2.
847 3023 942 3081 Facta
971 3040 1042 3099 ergo
1073 3023 1171 3082 missa
1201 3022 1341 3098 Martyrii

282 3111 410 3172 uenitur
434 3116 506 3186 post
533 3111 670 3182 Crucem,
697 3111 809 3172 dicitur
834 3110 876 3170 ihi
902 3129 984 3170 unus
1010 3130 1123 3187 ymnus
1149 3115 1281 3184 tantum,
1308 3111 1341 3169 fit

281 3202 389 3272 oratio
405 3203 436 3259 et
457 3200 565 3259 offeret
586 3200 753 3276 episcopus
777 3201 820 3260 ihi
844 3200 1032 3260 oblationem
1056 3205 1087 3261 et
1109 3201 1341 3260 communicant

249 3333 254 3345 .
283 3305 400 3348 omnes.
430 3289 566 3364 Excepta
586 3289 670 3348 enim
689 3289 758 3364 ipsa
779 3288 831 3348 die
849 3308 912 3349 una
932 3308 986 3366 per
1007 3293 1107 3350 totum
1126 3307 1244 3348 annum
1265 3308 1339 3348 nun·

282 3395 376 3453 quam
400 3376 540 3436 offeritur
565 3381 637 3452 post
664 3377 795 3439 Crucem
820 3378 881 3438 nisi
908 3380 977 3454 ipsa
1003 3379 1053 3438 die
1080 3383 1210 3438 tantum.
1247 3379 1340 3439 Facta

282 3484 354 3542 ergo
374 3470 406 3527 et
423 3465 466 3526 ibi
486 3466 586 3526 missa
604 3466 668 3526 itur
685 3467 726 3526 ad
746 3467 908 3540 Anastase,
930 3467 965 3527 fit
985 3467 1094 3541 oratio,
1115 3467 1338 3527 benedicuntur

280 3554 369 3614 iuxta
386 3555 643 3616 consuetudinem
663 3556 870 3616 cathecumini
889 3560 920 3616 et
940 3556 984 3616 sic
1002 3556 1110 3617 fideles
1130 3561 1160 3616 et
1178 3556 1215 3615 fit
1233 3558 1338 3617 missa.

202 3640 204 3645 ’
281 3644 319 3704 Εῖ
347 3644 392 3704 sic
419 3645 635 3721 unusquisque
663 3645 792 3705 festinat
818 3646 932 3706 reuerti
960 3646 992 3706 in
1021 3646 1148 3705 domum
1177 3663 1277 3719 suam,
1305 3649 1340 3705 ut

281 3733 457 3807 manducet,
478 3734 551 3810 quia
572 3734 678 3795 statim
698 3739 733 3794 ut
753 3735 1019 3808 manducauerint,
1041 3751 1149 3794 omnes
1170 3735 1288 3794 uadent
1308 3736 1340 3794 in

282 3823 399 3882 Eleona
423 3823 456 3882 in
484 3823 615 3883 ecclesia
640 3840 687 3896 ea,
715 3825 747 3883 in
775 3827 910 3900 quaest
937 3824 1094 3899 spelunca,
1122 3825 1155 3884 in
1183 3841 1245 3898 qua
1271 3824 1341 3901 ipsa

219 3985 222 3991 .
282 3911 332 3970 die
354 3911 504 3971 Dominus
526 3929 600 3971 oum
620 3915 772 3988 apostolis
795 3913 863 3972 tuit.
895 3914 928 3976 3.
951 3913 990 3972 Et
1011 3912 1055 3971 ibi
1077 3931 1176 3989 usque
1199 3912 1240 3971 ad
1263 3913 1341 3972 hora
1414 3915 1415 3942 ¹

229 4071 231 4078 Ι
281 4001 382 4059 noctis
412 3999 543 4061 forsitan
574 4002 683 4076 quinta
713 4019 836 4077 semper
865 4005 919 4062 ant
948 4000 1034 4077 ymni
1064 4005 1119 4061 aut
1149 4000 1341 4077 antiphonae
