2884 4738
733 333 939 390 ...10-

305 490 440 550 uidenda
468 509 596 552 necesse
625 509 683 551 nos
712 490 771 552 fuit
798 491 841 550 ibi
871 492 1056 551 descendere
1085 493 1173 551 iuxta
1201 495 1363 551 consuetu·

304 579 417 650 dinem,
442 597 535 655 quarn
559 581 750 640 tenebamus.
784 580 863 638 Nam
885 581 951 656 ipse
973 583 1063 641 uicus
1086 599 1168 639 nunc
1191 580 1363 656 appellatur

304 667 394 740 Hero,
420 687 499 744 qnae
524 675 629 738 tamen
652 669 733 728 Hero
751 668 755 745 l
773 687 793 728 a
818 673 899 728 terra
921 671 1005 729 Iesse
1029 669 1161 729 miliario
1186 671 1249 729 iam
1274 674 1398 728 sextoet

305 759 425 817 decimo
449 761 505 829 est,
530 777 602 817 narn
626 757 797 818 infinibus
822 759 931 834 Egypti
955 763 1011 819 est.
1044 759 1145 818 Locus
1169 762 1274 818 autem
1297 759 1363 835 ipse

305 849 381 906 satis
412 852 516 923 gratus
547 852 603 920 est,
634 866 707 906 nam
737 852 768 907 et
796 866 868 924 pars
899 849 1033 925 quedam
1062 848 1201 908 fluminis
1231 848 1292 906 Nili
1323 848 1363 906 ibi

305 937 408 996 currit.
445 939 478 1000 9.
506 937 549 995 Ac
577 937 621 996 sic
649 956 720 1013 ergo
747 941 896 998 exeuntes
924 938 961 996 de
989 938 1069 997 Hero
1096 938 1296 1013 peruenimus
1326 938 1364 996 ad

305 1025 472 1098 ciuitatem,
496 1044 556 1102 que
579 1026 752 1102 appellatur
774 1026 897 1099 Arabia,
922 1043 1000 1102 quae
1022 1030 1071 1086 est
1093 1028 1205 1087 ciuitas
1227 1027 1260 1085 in
1283 1030 1364 1085 terra

305 1115 398 1174 Iesse.
436 1115 522 1174 Unde
551 1117 776 1190 scriptumest
803 1115 919 1174 dixisse
948 1115 1140 1175 Pharaonem
1166 1116 1207 1175 ad
1235 1116 1363 1191 Ioseph:

306 1204 360 1262 “ln
387 1203 507 1263 meliori
536 1209 618 1263 terra
646 1204 754 1280 Egypti
783 1205 902 1263 colloca
929 1211 1049 1280 patrem
1077 1209 1165 1264 tuum
1192 1208 1224 1264 et
1250 1204 1362 1264 tratres

304 1292 337 1351 in
360 1296 441 1351 terra
464 1293 579 1364 Iessen‚
603 1293 635 1352 in
658 1297 740 1352 terra
762 1293 923 1352 Arabiae'’.

374 1381 448 1440 VIII.
476 1383 509 1444 1.
527 1382 570 1440 De
587 1381 701 1440 Arabia
718 1387 823 1441 autem
840 1383 966 1442 ciuItate
984 1386 1129 1458 quattuor
1145 1381 1235 1442 milia
1249 1399 1362 1457 passus

305 1475 378 1530 sunt
401 1470 582 1530 Ramessen.
617 1471 680 1530 Nos
705 1476 819 1542 autem,
843 1475 879 1530 ut
901 1472 1078 1530 ueniremus
1104 1472 1143 1530 ad
1167 1471 1363 1531 mansionem

209 1572 238 1613 ro
252 1571 292 1613 sa.
307 1560 445 1631 Arabiae,
468 1578 524 1636 per
546 1560 649 1620 media
673 1561 822 1620 Ramesse
846 1561 1065 1621 transiuimus:
1089 1578 1167 1637 quae
1191 1561 1364 1619 Ramessen

304 1649 415 1709 ciuitas
442 1667 525 1708 nunc
554 1667 683 1725 campus
712 1652 768 1720 est,
796 1649 841 1708 ita
867 1657 903 1708 ut
929 1668 986 1709 nec
1014 1668 1109 1708 unam
1136 1649 1363 1709 habitationem

195 1769 204 1789 ιι
221 1745 234 1768 ⁹
304 1739 426 1798 habeat.
460 1739 551 1797 Paret
576 1757 661 1810 sane,
687 1739 834 1819 queniam
859 1743 890 1798 et
912 1738 1021 1814 ingens
1047 1739 1105 1797 tuit
1129 1756 1184 1813 per
1208 1740 1310 1814 girum
1334 1744 1364 1797 et

303 1828 417 1886 multas
438 1827 571 1886 fabricas
593 1827 716 1898 habuit3
738 1829 847 1888 ruinae
867 1829 951 1887 enim
970 1827 1078 1902 ipsius,
1101 1827 1363 1903 quemadmodum

303 1917 459 1991 collapsae
485 1922 566 1987 sunt,
591 1917 624 1976 in
650 1917 742 1976 hodie
767 1916 908 1977 Infinitae
933 1920 1050 1992 parent.
1085 1918 1119 1979 2.
1144 1916 1232 1975 Nunc
1258 1920 1362 1975 autem

301 2005 345 2064 ibi
365 2006 460 2064 nichil
480 2006 567 2064 aliud
587 2011 635 2065 est
654 2006 715 2065 nisi
736 2009 857 2100 tantum
876 2024 958 2065 unus
980 2006 1059 2081 lapiS
1080 2006 1188 2080 ingens
1209 2005 1361 2074 Thebeus,

205 2105 221 2129 ⁷
302 2094 334 2152 in
361 2112 422 2169 quc
449 2099 522 2153 sunt
548 2094 627 2153 duae
654 2098 776 2154 statuae
803 2095 948 2154 extlusae
973 2094 1122 2170 ingentes,
1150 2112 1228 2170 quas
1254 2094 1364 2153 dicunt

303 2201 372 2242 esse
403 2189 581 2243 sanctorum
611 2184 781 2254 hominum,
812 2177 844 2242 r‘d
874 2187 922 2243 est
950 2183 1049 2259 Moysi
1079 2183 1258 2255 et'Aaron;
1289 2201 1362 2242 nam

189 2325 204 2350 2,
303 2271 414 2350 dicent,
444 2290 481 2331 ec
511 2272 594 2348 quod
622 2271 677 2331 filii
707 2273 824 2332 Israhel
853 2274 886 2332 in
913 2273 1031 2332 honore
1059 2274 1199 2348 Ipsorum
1226 2290 1282 2331 eas
1310 2291 1362 2348 po-

303 2362 429 2420 suerint.
456 2362 490 2423 3.
509 2361 548 2419 Et
565 2364 612 2420 est
629 2361 672 2419 ibi
690 2366 849 2437 praeterea
866 2362 959 2421 arbor
978 2363 1133 2432 sicomori,
1153 2378 1231 2437 quae
1249 2360 1364 2421 dicitur

301 2468 321 2508 a
351 2451 533 2526 patriarchis
564 2452 669 2525 posita
698 2469 783 2522 esse;
814 2469 886 2510 nam
916 2452 979 2509 iam
1008 2451 1223 2510 uetustissima
1252 2454 1302 2509 θεῖ
1331 2455 1363 2508 θῖ

301 2539 372 2598 ideo
392 2539 569 2614 permodica
591 2545 646 2612 est,
668 2540 740 2599 licet
760 2544 863 2599 tamen
884 2540 985 2599 adhuc
1005 2541 1123 2599 fructus
1143 2539 1260 2599 afferat.
1283 2538 1363 2598 Nam

210 2639 277 2684 tas.
302 2630 485 2705 cuicumque
511 2630 743 2705 inqucmoditas
770 2629 871 2700 fuerit,
897 2630 1014 2688 uadent
1039 2629 1081 2688 ibi
1108 2633 1138 2688 et
1163 2629 1273 2687 tollent
1299 2647 1363 2688 sur-

302 2720 398 2791 culos,
427 2723 458 2777 et
483 2720 579 2794 prode
606 2720 668 2779 illis
697 2725 752 2778 est.
789 2721 823 2782 4.
850 2718 915 2778 Hoc
942 2727 1047 2778 autem
1074 2719 1225 2778 referente
1252 2722 1362 2777 sancto

302 2809 447 2883 episcopo
463 2809 501 2867 de
516 2808 631 2867 Arabia
645 2808 863 2884 cognouimus;
878 2826 952 2867 nam
967 2810 1034 2884 Ipse
1049 2808 1139 2868 nobis
1155 2807 1233 2869 dixit
1247 2826 1363 2866 nomen

301 2897 400 2972 ipsius
425 2897 553 2968 arboris,
579 2897 841 2973 quemadmodum
865 2898 1022 2972 appellant
1045 2914 1114 2957 eam
1138 2914 1234 2972 grece,
1259 2897 1291 2956 id
1315 2902 1363 2956 est

125 3010 145 3050 ν’
283 2981 436 3052 ldendros
463 2986 607 3057 alethiae,
637 2986 719 3061 quod
747 3004 805 3045 nos
834 2986 966 3045 dicimus
994 2986 1086 3045 arbor
1114 2985 1264 3044 ueritatiS.
1304 2985 1363 3060 Qui

302 3080 406 3135 tamen
430 3079 556 3134 sanctus
579 3075 744 3150 episcopus
768 3074 858 3134 nobis
882 3075 1054 3135 Ramessen
1074 3092 1235 3134 occurrere
1258 3074 1362 3150 digna-

303 3168 352 3223 tus
378 3167 440 3234 est;
466 3182 538 3222 narn
564 3169 612 3222 est
635 3165 699 3223 iam
723 3164 827 3223 senior
850 3163 917 3236 uir,
933 3182 1007 3223 uere
1032 3165 1108 3224 satis
1134 3163 1298 3239 reIIgiosus
1324 3183 1362 3223 ex

301 3253 454 3311 monacho
472 3258 503 3312 et
519 3252 662 3324 affabilis,
681 3253 855 3328 suscipiens
873 3254 1050 3329 peregrinos
1066 3252 1158 3311 ualde
1175 3252 1270 3324 bene;
1289 3271 1362 3312 nam

302 3343 387 3400 etin
411 3341 571 3416 scripturis
596 3341 651 3400 Dei
674 3341 767 3400 ualde
790 3342 930 3401 eruditus
953 3345 1010 3401 est.
1044 3344 1077 3404 ὅ.
1101 3341 1170 3416 lpse
1194 3358 1266 3417 ergo
1290 3359 1361 3400 cum

302 3449 336 3490 se
360 3430 505 3505 dignatus
530 3429 642 3489 fuisset
665 3447 780 3490 uexare
804 3434 836 3488 et
859 3430 903 3490 ibi
927 3430 1018 3490 nobis
1044 3447 1213 3502 occurrere,
1239 3429 1363 3506 singula

301 3519 341 3578 ibi
365 3520 501 3579 ostendit
522 3537 578 3578 seu
598 3520 702 3578 retuIIt
722 3519 760 3578 de
780 3520 849 3580 illas
870 3524 998 3590 statuas,
1020 3537 1097 3595 quas
1119 3518 1192 3591 dixi,
1213 3522 1248 3578 ut
1267 3519 1362 3577 etiam

302 3609 391 3668 etde
411 3608 465 3668 illa
486 3608 596 3668 arbore
617 3607 771 3668 sicomori.
801 3607 881 3667 Nam
902 3613 932 3667 et
952 3609 1011 3667 hoc
1032 3608 1123 3668 nobis
1144 3609 1211 3684 ipse
1233 3613 1361 3667 sanctus

301 3697 466 3773 episcopus
491 3697 604 3769 retulil,
630 3715 667 3757 eo
693 3698 775 3773 quod
800 3698 907 3769 Farao,
933 3697 1057 3773 quando
1082 3697 1170 3768 uidit,
1197 3697 1280 3772 quod
1305 3695 1363 3756 filii

301 3786 419 3846 Israhel
450 3786 633 3847 dimiserant
664 3805 744 3857 eum,
777 3790 850 3845 tunc
881 3786 942 3858 ille,
974 3788 1157 3862 priusquam
1187 3790 1259 3860 post
1289 3786 1362 3846 illos

300 3880 475 3950 occuparet,
500 3875 578 3934 isset
602 3893 672 3934 cum
697 3875 781 3933 omni
805 3876 943 3934 exercitu
968 3893 1024 3934 suo
1049 3877 1131 3935 iutra
1156 3874 1306 3934 Ramesse
1332 3879 1364 3934 et

301 3964 492 4024 incendisset
515 3982 585 4023 eam
611 3981 744 4036 omnem,
771 3964 844 4039 quia
869 3963 990 4023 infinita
1014 3967 1081 4023 erat
1105 3963 1206 4036 ualde,
1233 3966 1265 4022 θῖ
1288 3963 1363 4023 inde

300 4057 372 4132 post
392 4051 473 4112 filios
494 4054 611 4112 Israhel
632 4051 745 4111 fuisset
764 4053 930 4128 profectus.
1019 4073 1027 4080 ¹·
1365 4067 1370 4076 ·
