2884 4738
710 315 916 379 -.nr-.

285 477 368 536 dere.
406 479 439 540 5.
458 475 536 534 Nam
555 475 688 535 ecclesia
706 492 799 550 quarn
817 472 884 533 dixi
903 473 988 531 toras
1007 471 1174 543 ciuitatem,
1194 470 1339 530 dominae

284 583 409 626 sorores
427 564 633 636 uenerabiles
651 564 706 622 ubi
723 563 782 622 tuit
797 562 938 638 primitus
956 563 1067 622 domus
1086 562 1238 632 Abrahae,
1255 578 1338 620 nunc

285 659 316 714 et
338 655 520 731 martyrium
543 653 587 712 ibi
608 653 745 729 positum
766 656 823 723 est,
847 652 879 710 id
900 654 949 711 est
970 650 1069 711 sancti
1092 651 1255 720 cuiusdam
1277 667 1338 708 mo·

284 745 377 804 nachi
392 744 519 803 nomine
532 742 663 819 Helpidi.
696 743 761 800 Hoc
774 745 881 802 autem*
892 740 983 800 nobis
998 740 1075 800 satis
1089 745 1208 816 gratum
1221 738 1337 810 euenit,

283 837 319 893 ut
338 834 438 909 pridie
457 832 640 907 martyrium
659 832 708 890 die
728 831 770 890 ibi
789 830 980 903 ueniremua,
1000 829 1032 888 id
1051 833 1100 890 est
1118 828 1218 888 sancti
1237 827 1336 905 ipsius

284 923 429 999 Helpidii‚
452 939 536 981 nono
559 922 587 979 k.
609 918 717 992 Maias,
739 920 779 980 ad
802 938 894 996 quam
916 920 999 979 diem
1020 937 1148 979 necesse
1169 918 1230 979 tuit
1250 917 1337 977 undi-

284 1030 344 1089 que
363 1016 396 1071 et
416 1012 453 1070 de
474 1011 618 1070 omnibus
637 1011 881 1085 Mesopotamiae
901 1009 1016 1068 finibus
1037 1025 1145 1068 omnes
1165 1008 1336 1070 monachos

284 1103 317 1161 in
342 1101 459 1162 Charra
481 1100 680 1171 descendere,
702 1099 797 1159 etiam
818 1102 850 1158 et
872 1099 943 1158 illos
966 1097 1110 1169 maiores,
1135 1097 1186 1174 qui
1209 1098 1243 1156 in
1266 1095 1336 1156 soli-

283 1192 391 1250 tudine
412 1188 572 1262 sedebant,
595 1205 674 1265 quos
695 1189 808 1247 ascitos
827 1192 951 1259 uocant,
973 1205 1028 1264 per
1049 1187 1129 1247 diem
1148 1187 1262 1263 ipsum,
1283 1188 1338 1263 qui

282 1280 326 1339 ibi
350 1280 426 1339 satis
451 1277 607 1355 granditer
628 1278 806 1348 attenditur,
828 1281 862 1337 et
883 1281 1009 1353 propter
1030 1276 1212 1337 memoriam
1234 1274 1336 1334 sancti

282 1369 433 1441 Abrahae,
457 1369 529 1445 quia
551 1369 663 1428 domus
684 1368 784 1444 ipsius
805 1368 873 1440 ruit,
895 1367 948 1425 ubi
969 1384 1052 1426 nunc
1074 1366 1205 1426 ecclesia
1226 1369 1284 1438 est,
1306 1365 1338 1423 in

282 1475 345 1535 qua
367 1457 504 1534 positum
528 1463 577 1518 est
600 1474 712 1532 corpus
736 1458 836 1532 ipsius
859 1456 960 1515 sancti
983 1455 1137 1531 martyris.
1171 1456 1205 1517 d.
1229 1454 1338 1530 Itaque

248 1583 257 1604 0
283 1565 356 1623 ergo
382 1548 440 1606 hoc
465 1546 557 1606 nobis
581 1546 664 1605 ultra
687 1563 775 1621 spem
799 1549 883 1621 grate
909 1544 987 1603 satis
1010 1544 1125 1614 euenit,
1150 1546 1185 1602 ut
1209 1545 1339 1608 sanctos¹

281 1640 313 1696 et
333 1654 407 1696 uero
429 1637 570 1696 homines
593 1635 649 1694 Dei
669 1635 841 1694 monachos
862 1633 1132 1709 Mesopotamenos
1155 1631 1199 1691 ibi
1219 1631 1337 1691 uidere·

280 1740 361 1798 mus,
381 1727 475 1785 etiam
493 1730 526 1785 et
541 1743 608 1796 eos,
627 1741 759 1800 quorum
776 1723 863 1782 tama
879 1723 930 1782 uel
947 1723 1016 1782 uita
1032 1723 1123 1798 longe
1141 1722 1335 1793 audiebatur,

284 1832 363 1891 quos
394 1819 497 1874 tamen
529 1831 593 1873 non
622 1813 829 1872 aestimabam
857 1831 908 1872 me
939 1812 1063 1888 penitus
1096 1829 1188 1888 posse
1218 1809 1335 1882 uidere,

281 1922 346 1963 non
378 1905 451 1980 quia
482 1902 665 1980 inpossibile
694 1906 780 1962 esset
806 1903 873 1972 ,Deo
902 1901 996 1962 etiam
1025 1905 1059 1961 et
1087 1901 1145 1960 boc
1176 1903 1336 1976 praestare*

280 1993 383 2066 michi,
405 1993 458 2069 qui
481 1993 586 2053 omnia
607 1996 765 2069 praestare
787 1991 980 2067 dignabatur,
1003 1991 1058 2050 sed
1080 1990 1154 2066 quia
1175 1989 1336 2050 audieram

280 2099 346 2154 eos
367 2099 406 2141 co
429 2081 511 2157 quod
533 2086 621 2140 extra
641 2080 723 2140 diem
744 2079 882 2139 Paschae
903 2083 935 2139 et
954 2083 1044 2138 extra
1063 2079 1146 2139 diem
1167 2079 1248 2137 hanc
1270 2096 1335 2162 non

280 2189 335 2231 eos
364 2171 551 2231 descendere
579 2171 617 2228 de
644 2170 721 2229 locis
749 2170 825 2241 suia,
854 2168 1002 2245 quoniam
1029 2169 1107 2229 tales
1134 2169 1216 2239 sunt,
1244 2171 1279 2227 ut
1304 2169 1336 2227 et

277 2261 409 2320 uirtutes
425 2259 543 2318 iaciant
556 2259 679 2332 multas,
694 2263 726 2318 et
741 2258 889 2336 quoniam
904 2257 1091 2329 nesciebam,
1109 2275 1170 2334 quo
1185 2275 1292 2316 mense
1330 2251 1334 2341 Ι
1350 2269 1379 2310 or

183 2361 211 2405 ro
225 2361 267 2404 oa.
279 2353 365 2409 esset
391 2349 458 2408 dies
486 2349 537 2408 hic
562 2348 712 2424 martyrii,
741 2359 835 2425 quem·
860 2348 936 2407 dixi.
982 2348 1090 2424 Itaque
1116 2348 1180 2406 Deo
1208 2347 1335 2406 iubente

280 2440 326 2498 sic
348 2439 463 2509 euenit,
488 2442 524 2498 ut
545 2438 585 2497 ad
606 2437 697 2509 diem,
723 2455 815 2513 quem
838 2455 897 2496 nec
918 2437 1092 2512 sperabam,
1116 2436 1157 2495 ibi
1182 2436 1332 2496 uenirem.

280 2529 313 2592 7.
339 2527 479 2587 Fecimus
504 2545 578 2603 ergo
602 2531 634 2586 et
658 2527 701 2585 ibi
726 2526 855 2586 biduum
880 2531 1006 2602 propter
1030 2525 1113 2585 diem
1137 2525 1278 2602 martyrii
1302 2528 1335 2584 et

279 2620 403 2693 propter
428 2617 583 2676 uisionem
608 2621 789 2676 sanctorum
813 2617 947 2687 illorum,
974 2615 1026 2692 qui
1052 2615 1168 2690 dignati
1195 2615 1334 2674 suntad

278 2705 476 2766 salutandum
504 2705 614 2765 libenti
643 2705 720 2765 satis
748 2705 853 2764 animo
881 2723 932 2764 me
959 2705 1116 2780 suscipere
1145 2707 1176 2764 et
1203 2705 1331 2781 alloqui,

276 2797 310 2854 in
335 2813 397 2871 quo
422 2812 479 2872 ego
503 2813 568 2854 non
591 2795 741 2854 merebar.
784 2794 864 2854 Nam
888 2798 920 2853 et
943 2794 1004 2869 ipsi
1028 2795 1133 2854 statim
1158 2798 1229 2870 post
1254 2812 1331 2852 mar-

277 2885 368 2961 tyrii1
391 2885 471 2943 diem
493 2902 551 2944 nec
572 2884 634 2944 uisi
656 2887 731 2942 sunt
752 2883 804 2955 ibi,
828 2882 885 2942 sed
905 2901 980 2943 mox
1001 2883 1039 2942 de
1061 2888 1152 2943 nocte
1175 2882 1334 2959 petierimt

276 2974 436 3032 heremum
458 2977 490 3033 et
511 2990 592 3032 unus
616 2975 748 3049 quisque
769 2991 877 3032 eorum
900 2973 1091 3032 monasteria
1113 2990 1180 3044 sua,
1203 2972 1256 3050 qui
1277 2971 1332 3032 ubi

275 3062 420 3121 habebat.
459 3063 492 3126 8.
513 3063 548 3121 In
566 3064 637 3138 ipsa
654 3067 759 3121 autem
778 3061 938 3122 ciuitatem
956 3065 1045 3121 extra
1064 3079 1181 3137 paucos
1200 3061 1331 3121 clericos

275 3157 305 3212 et
322 3156 447 3212 sanctos
465 3153 644 3226 monachos,
662 3153 689 3212 si
706 3151 759 3228 qui
776 3156 881 3211 tamen
897 3152 930 3210 in
947 3151 1072 3211 ciuitate
1090 3156 1331 3225 commorantur,

275 3243 399 3318 penitus
418 3241 539 3301 nullum
560 3240 769 3301 Christianum
789 3241 904 3311 inueni,
926 3241 981 3300 sed
1001 3245 1100 3301 totum
1121 3244 1227 3316 gentes
1249 3245 1331 3300 sunt.

275 3330 353 3389 Nam
381 3330 462 3390 sicut
487 3347 546 3388 nos
574 3347 645 3387 oum
671 3328 780 3404 grandi
807 3329 983 3392 reuerentia
1009 3329 1198 3389 attendimus
1224 3329 1331 3388 locum

276 3420 372 3490 illum,
401 3418 454 3476 ubi
482 3418 625 3493 primitus
652 3418 766 3478 domus
790 3418 891 3480 sancti
918 3419 1064 3478 Abrahae
1089 3418 1157 3488 tuit,
1185 3435 1241 3494 pro
1268 3437 1331 3478 me·

273 3509 373 3567 moria
398 3506 492 3578 illius,
518 3507 561 3565 ita
584 3511 617 3565 et
640 3507 715 3566 illae
739 3512 846 3583 gentes
870 3507 952 3568 torte
974 3508 1014 3566 ad
1039 3508 1123 3567 mille
1148 3525 1262 3584 passus
1288 3508 1331 3566 de'

273 3597 400 3656 ciuitate
424 3613 493 3654 curn
518 3595 625 3672 grandi
648 3595 824 3655 reuerentia
846 3596 1019 3655 adtendunt
1040 3597 1153 3668 locum,
1178 3596 1231 3656 ubi
1255 3602 1332 3658 sunt

272 3686 441 3745 memoriae
466 3685 550 3744 Naor
575 3689 607 3745 et
631 3683 822 3744 Bathuhelis.
866 3687 898 3750 9.
925 3686 963 3745 Et
989 3685 1136 3761 quoniam
1160 3686 1329 3761 episcopus

270 3776 353 3835 illius
378 3775 514 3834 ciuitatis
539 3776 631 3835 ualde
654 3775 824 3834 instructus
849 3779 896 3836 eat
920 3777 957 3834 de
982 3775 1152 3851 scripturis,
1178 3777 1334 3851 requisiui'

273 3864 313 3923 ab
341 3881 379 3923 eo
409 3865 532 3923 dicens:
563 3864 668 3940 “Rogo
698 3869 737 3936 te,
766 3864 900 3935 domine,
931 3868 966 3923 ut
993 3864 1078 3924 dicas
1108 3864 1212 3936 michi,
1242 3865 1330 3941 quod

341 4055 351 4088 ¹
369 4060 517 4124 martyrum
535 4059 570 4110 A.
