2884 4738
538 313 745 374 ...21-

109 481 158 538 111
184 476 383 538 monasteria.
421 479 455 539 5,
482 476 520 535 Et
547 475 696 552 quoniam
722 476 849 534 sanctus
877 474 1042 550 episcopus
1069 471 1169 548 ipsius

110 565 257 637 ciuitatis,
288 566 339 625 uir
370 583 444 625 uere
476 563 638 640 religiosus
670 568 702 622 et
732 563 905 622 monachus
937 565 967 622 et
999 561 1169 634 confessor,

14 667 38 708 ss
52 666 97 709 aa.
112 653 287 731 suscipiens
308 672 358 714 me
379 653 511 714 libenter
531 654 577 712 ait
596 651 706 712 michi:
729 651 902 727 “Quoniam
923 650 1016 710 uideo
1037 654 1076 722 te,
1099 649 1172 723 filia,

109 743 208 820 gratia
231 743 389 819 religionis
414 747 478 802 tam
502 759 650 819 magnum
672 741 811 802 laborem
835 738 890 800 tibi
912 738 1111 815 imposuisse,
1135 742 1171 797 nt

109 833 148 892 de
173 833 320 892 extremis
345 849 437 908 porro
463 830 552 890 terris
577 832 701 890 uenires
726 830 766 889 ad
790 830 868 888 haec
892 829 971 901 loca,
996 829 1101 904 itaque
1126 845 1170 887 er-

108 939 157 997 go,
185 921 189 996 t
217 919 245 980 si
271 921 402 980 libenter
431 919 537 993 habes,
567 936 780 995 quaecumque
807 919 876 977 loca
904 921 978 977 sunt
1004 917 1055 977 hic
1084 920 1170 993 grata
1184 927 1215 970 41

109 1009 151 1068 ad
165 1009 336 1069 uidendum
353 1007 548 1080 Christianis,
562 1007 757 1068 ostendimus
773 1005 865 1066 tibi'’:
881 1013 954 1066 tunc
969 1023 1041 1082 ergo
1057 1005 1171 1082 gratias

109 1116 206 1174 agens
227 1097 292 1157 Deo
313 1098 447 1174 primum
469 1103 500 1157 11
520 1097 564 1156 111
585 1097 664 1171 ipsi1
685 1096 792 1172 rogaui
814 1095 991 1172 plurimum,
1013 1098 1049 1153 ut
1068 1094 1171 1171 digna-

110 1192 196 1247 retur
213 1186 315 1246 tacere
334 1186 416 1262 quod
435 1186 565 1245 dicebat.
594 1187 628 1248 11.
646 1186 753 1261 ltaque
772 1201 843 1260 ergo
862 1184 951 1243 duxit
969 1201 1018 1243 me
1037 1185 1172 1258 primum

109 1275 150 1334 ad
171 1275 321 1351 palatium
342 1274 453 1351 Aggari
473 1276 554 1350 regis
575 1278 607 1334 et
625 1274 668 1333 ibi
689 1272 826 1334 ostendit
845 1271 939 1332 michi
959 1272 1172 1347 archiotepam

109 1363 210 1439 ipsius
240 1365 350 1440 ingens
381 1362 581 1434 simillimam,
613 1368 648 1423 ut
678 1362 738 1437 ipsi
770 1362 923 1434 dicebant,
955 1379 1170 1434 marmoream,

110 1453 189 1512 tanti
206 1452 317 1512 nitoris
335 1470 372 1510 ac
391 1453 417 1512 si
437 1452 475 1511 de
492 1452 659 1528 margarita
677 1456 776 1523 esset;
794 1449 827 1513 in
845 1451 934 1510 cuius
952 1450 1063 1527 Aggari
1081 1451 1171 1508 uultu

109 1541 241 1616 parebat
261 1541 300 1600 de
322 1545 430 1600 contra
451 1558 524 1600 uere
546 1541 645 1600 tuisse
667 1541 749 1600 hunc
771 1539 874 1602 uirum
897 1541 974 1599 satis
998 1540 1171 1616 sapientem

25 1689 27 1694 .
111 1633 143 1689 et
173 1631 368 1690 honoratum.
408 1630 493 1689 Tunc
523 1631 567 1689 ait
596 1629 672 1690 1111111
703 1633 831 1690 sanctus
860 1629 1042 1704 episcopus:
1073 1628 1172 1687 “Ecce

108 1737 164 1778 rex
195 1719 343 1796 Aggarus,
375 1719 427 1795 qui
458 1724 627 1795 antequam
656 1719 777 1778 uideret
807 1718 1001 1790 Dominum,
1041 1717 1173 1777 credidit

109 1809 148 1881 ei,
173 1808 246 1884 quia
269 1814 353 1869 esset
375 1826 449 1868 uere
472 1809 555 1868 filius
579 1808 664 1868 Dei''.
698 1808 777 1866 Nam
801 1811 867 1866 erat
890 1812 921 1866 et
943 1807 1030 1865 iuxta
1052 1805 1169 1865 archio-

108 1897 174 1973 tipa
195 1897 337 1957 similiter
358 1897 396 1957 de
418 1897 472 1956 tali
492 1915 646 1957 marmore
665 1897 757 1968 iacta,
780 1914 874 1973 quam
895 1895 974 1955 dixit
993 1895 1049 1954 filii
1069 1895 1169 1971 ipsius

108 2004 179 2046 1111
211 1986 322 2062 Magni,
355 1985 498 2046 similiter
527 1989 560 2044 et
589 1986 659 2061 ipsa
690 1986 809 2045 habens
840 1984 957 2061 aliquid
989 1984 1105 2062 gratiae
1136 1984 1169 2043 in

106 2075 207 2134 uultu.
241 2075 274 2137 7.
298 2075 375 2134 ltem
399 2073 640 2151 perintrauimus
664 2076 697 2134 in
719 2072 858 2134 interiori
880 2079 968 2150 parte
991 2073 1115 2150 palatii;
1138 2077 1170 2132 et

106 2163 151 2222 ibi
183 2168 272 2223 erant
302 2163 405 2223 tontes
435 2155 576 2239 piscibus
607 2162 700 2239 pleni,
733 2164 840 2239 quales
871 2181 928 2239 ego
959 2163 1061 2221 adhuc
1093 2180 1169 2222 nun·

109 2269 200 2327 quam
227 2252 301 2323 uidi,
327 2252 360 2312 id
386 2257 434 2312 est
458 2256 562 2312 tantae
587 2252 810 2328 magnitudinis
834 2252 885 2311 uel
911 2257 975 2312 tam
1000 2252 1170 2327 perlustres

106 2345 162 2400 aut
177 2344 240 2399 tam
256 2340 329 2399 boni
345 2341 475 2417 saporis.¹
501 2341 580 2400 Nam
593 2342 664 2418 ipsa
678 2340 790 2401 ciuitas
805 2341 900 2401 aliam
914 2358 1030 2417 aquam
1044 2341 1168 2416 penitus

106 2447 171 2488 non
195 2429 290 2489 habet
313 2447 396 2489 nunc
419 2429 481 2489 nisi
506 2447 584 2501 eam,
610 2448 689 2506 quae
714 2430 752 2488 de
776 2431 893 2506 palatio
917 2431 991 2502 exit,
1016 2447 1096 2505 quae
1120 2433 1170 2488 est

10 2532 37 2572 sc
50 2529 93 2572 aa.
107 2534 145 2576 ac
166 2518 190 2576 si
214 2517 329 2578 fluuius
350 2519 460 2594 ingens
481 2524 654 2595 argenteus.
683 2520 717 2581 8.
739 2519 777 2578 Et
797 2522 870 2578 tunc
891 2519 996 2578 retulit
1015 2516 1111 2577 michi
1130 2518 1168 2578 de

104 2608 176 2684 ipsa
205 2624 287 2684 aqua
318 2607 362 2667 sic
392 2613 519 2668 sanctus
550 2609 716 2684 episcopus
747 2607 870 2669 dicens:
901 2606 1062 2682 “Quodam
1093 2611 1166 2666 tem-

105 2714 190 2772 pore,
216 2702 421 2772 posteaquam
447 2698 614 2773 scripserat
637 2696 775 2772 Aggarus
801 2714 855 2755 rex
880 2696 920 2755 ad
945 2696 1111 2754 Dominum
1136 2699 1168 2754 11

105 2784 257 2844 Dominus
279 2785 481 2861 rescripserat
502 2785 621 2861 Aggaro
643 2803 699 2860 per
720 2785 874 2846 Ananiam
895 2801 1063 2856 cursorem,
1086 2785 1168 2852 sicut

107 2873 257 2949 scriptum
289 2877 338 2933 est
368 2874 400 2932 in
433 2875 502 2950 ipsa
533 2874 681 2949 epistola:
714 2878 870 2934 transacto
903 2892 974 2950 ergo
1007 2873 1166 2949 aliquanto

106 2967 245 3037 tempore
277 2964 502 3039 superueniunt
532 2963 641 3023 Ρ11118
673 2968 705 3022 11
734 2964 835 3039 girant
864 2963 1025 3023 ciuitatem
1064 2963 1166 3022 istam.

106 3053 140 3114 9.
162 3051 224 3110 Sed
246 3052 351 3112 statim
372 3052 509 3128 Aggarus
531 3052 696 3128 epistolam
716 3053 839 3112 Domini
860 3052 963 3112 ferens
984 3053 1025 3111 ad
1045 3055 1167 3127 portam

106 3157 175 3198 cum
197 3140 283 3199 omni
305 3141 441 3200 exercitu
463 3158 520 3200 suo
541 3141 664 3216 publice
683 3141 795 3201 orauit.
826 3141 863 3198 Et
883 3144 955 3216 post
975 3141 1068 3200 dixit:
1091 3141 1166 3199 “Do-
1255 3181 1256 3184 κ

70 3272 76 3283 ,
105 3229 191 3288 mine
213 3229 293 3300 lesu,
318 3234 352 3289 tu
375 3229 563 3306 promiseras
585 3230 687 3302 nobis,
711 3247 750 3288 ne
773 3229 886 3306 aliquis
910 3229 1048 3290 hostium
1070 3229 1166 3306 ingre·

105 3318 232 3377 deretur
258 3317 416 3377 ciuitatem
445 3319 547 3390 istam,
576 3323 609 3377 et
635 3336 706 3379 ecce
734 3337 817 3379 nunc
844 3319 957 3379 Persae
994 3320 1167 3394 inpugnant

103 3408 193 3470 nos'',
224 3405 312 3481 Quod
333 3424 404 3466 cum
424 3406 555 3467 dixisset
575 3412 683 3467 tenens
704 3409 849 3466 manibus
869 3408 981 3467 leuatis
1001 3407 1166 3484 epistolam

103 3495 207 3569 ipsam
228 3499 368 3571 apertam
390 3514 454 3568 rex,
476 3496 517 3554 ad
540 3495 643 3557 subito
665 3499 769 3556 tantae
792 3497 937 3556 tenebrae
958 3496 1060 3555 iactae
1082 3500 1164 3568 sunt,

103 3582 190 3644 toras
206 3582 365 3644 ciuitatem
381 3588 485 3644 tamen
500 3588 573 3644 ante
590 3585 698 3645 oculos
714 3586 886 3658 Persarum,
903 3603 975 3645 oum
990 3587 1053 3646 iam
1070 3602 1165 3661 prope

103 3672 256 3748 plicarent
273 3672 402 3745 ciuitati,
421 3673 465 3734 ita
482 3677 518 3732 ut
536 3680 636 3749 usque
654 3673 778 3734 tertium
797 3673 964 3733 miliarium
982 3675 1020 3733 de
1039 3673 1165 3733 ciuitate

104 3765 226 3820 essent:
254 3761 309 3822 sed
336 3762 380 3821 ita
406 3780 479 3821 mox
506 3762 641 3823 tenebris
669 3763 783 3823 turbati
810 3768 892 3834 sunt,
920 3767 955 3821 ut
979 3764 1035 3823 uix
1062 3765 1165 3822 castra

103 3854 256 3924 ponerent
279 3853 310 3908 11
332 3851 522 3926 pergirarent
545 3852 577 3910 in
601 3851 735 3913 miliario
760 3851 849 3914 tertio
874 3856 971 3911 totam
995 3850 1162 3910 ciuitatem.

105 3939 162 4000 lo.
188 3937 235 3996 lta
260 3941 365 3998 autem
391 3939 505 3999 turbati
532 3945 605 4000 sunt
630 3940 751 4013 Persae,
777 3946 812 4000 ut
837 3959 998 4017 nunquam
1021 3940 1165 4000 uiderent

179 4081 188 4112 ¹
206 4074 295 4144 ipsum
314 4077 349 4131 A.
369 4105 401 4114 -
422 4074 433 4106 ²
452 4076 533 4130 deum
552 4078 586 4132 A.
606 4109 639 4118 —
660 4076 671 4108 ⁸
689 4076 763 4132 Persi
773 4079 808 4130 A.
