2884 4738
727 310 933 367 ..42-

300 471 465 530 Dominum
492 471 610 530 dixisse
637 473 692 528 aut
718 470 758 528 ad
785 469 906 539 IudeoS,
934 471 1033 527 totum
1059 467 1178 542 legitur.
1215 467 1249 527 5.
1275 463 1350 522 Post-

226 571 229 578 ·
299 561 427 619 modum
441 563 548 619 autem
564 559 734 635 alloquitur
749 559 914 634 episcopus
932 557 1081 632 populum
1098 554 1278 614 confortans
1294 571 1350 624 eos,

300 649 447 725 quoniam
466 653 498 709 et
516 652 581 707 tota
599 652 690 708 nocte
710 643 920 706 laborauerint
937 650 969 704 et
986 646 1088 704 adhuc
1107 643 1278 703 laboraturi
1296 643 1352 702 sint
1434 677 1435 708 r

299 737 369 813 ipsa
392 737 451 810 die,
475 742 597 797 utnon
620 738 777 796 lassentur
800 736 855 795 sed
879 735 1015 794 habeant
1039 752 1126 809 spem
1150 734 1183 793 in
1207 733 1280 804 Dec,
1304 733 1351 808 qui
1434 723 1435 768 ἶ

300 828 346 887 eis
374 845 429 902 pro
455 845 494 886 eo
521 827 626 886 labore
653 828 804 886 maiorem
830 825 1004 884 mercedem
1032 823 1208 883 redditurus
1236 821 1285 881 sit.
1320 821 1353 879 Et

300 917 345 976 sic
370 915 606 992 confortan[te]s
633 933 696 987 coc,
722 919 757 975 ut
782 918 883 990 potest
908 915 984 988 ipse,
1010 913 1172 988 alloquens
1198 911 1274 971 dicit
1297 909 1352 970 eis:

300 1006 364 1064 “lte
393 1005 517 1064 interim
546 1023 629 1064 nunc
657 1006 875 1080 unusquisque
904 1003 944 1062 ad
974 999 1197 1061 domumcellas
1226 1003 1352 1071 uestras,

299 1093 403 1152 sedete
424 1094 734 1165 uobiset1modico,
754 1097 786 1152 et
803 1093 844 1151 ad
864 1093 973 1151 horam
993 1109 1088 1166 prope
1108 1090 1278 1150 secundam
1297 1089 1352 1148 diei

301 1201 410 1242 omnes
437 1183 537 1258 parati
564 1187 664 1242 estote
692 1183 752 1254 hic,
780 1186 815 1240 ut
842 1183 879 1242 de
908 1200 945 1240 ea
972 1182 1049 1239 hora
1076 1199 1175 1255 usque
1202 1179 1243 1238 ad
1270 1181 1354 1237 sexta
1434 1245 1435 1270 ¹

300 1276 443 1334 sanctum
459 1273 579 1348 lignum
595 1273 695 1332 crucis
712 1271 841 1347 possitis
858 1270 965 1330 uidere
983 1263 1022 1328 ad
1040 1270 1173 1329 salutern
1190 1267 1250 1328 sibi
1266 1285 1354 1327 unus·
1434 1275 1435 1352 l

300 1362 432 1438 quisque
453 1364 594 1421 nostrum
616 1361 745 1421 credens
767 1359 973 1437 profuturum.
1004 1359 1047 1418 De
1069 1360 1147 1417 hora
1167 1357 1249 1417 enim
1271 1361 1354 1416 sexta
1434 1357 1435 1418 ἶ

300 1453 402 1510 denuo
423 1468 552 1510 necesse
575 1451 726 1509 habemus
749 1450 799 1508 hic
817 1467 929 1509 ‘omnes
952 1447 1119 1507 conuenire
1142 1449 1174 1507 in
1196 1448 1257 1506 isto
1280 1447 1354 1516 loco,

298 1539 331 1598 id
359 1543 407 1600 est
434 1543 507 1600 ante
537 1539 675 1610 Crucem,
703 1542 738 1598 ut
766 1539 952 1598 lectionibus
979 1542 1010 1596 et
1038 1535 1231 1596 orationibus
1259 1551 1357 1611 usque
1434 1539 1435 1600 l

298 1629 339 1687 ad
364 1632 486 1688 noctem
511 1645 638 1704 operam
663 1629 802 1687 demus.”

207 1727 274 1774 sao.
371 1717 517 1776 XXXVII.
556 1720 587 1782 1.
616 1718 690 1776 Post
717 1718 776 1775 hoc
804 1735 876 1792 ergo
904 1717 1000 1775 missa
1027 1715 1031 1791 Ι
1059 1715 1142 1774 iacta
1178 1715 1215 1773 de
1253 1713 1356 1783 Cruce,
1373 1724 1398 1766 cr

298 1807 331 1866 id
363 1811 411 1866 est
442 1810 610 1883 antequam
643 1807 689 1866 sol
722 1806 877 1882 procedat,
911 1805 1017 1864 statim
1047 1805 1265 1880 unusquisque
1296 1803 1356 1862 ani·

299 1897 377 1955 mosi
403 1897 519 1955 uadent
542 1896 574 1955 in
598 1895 683 1971 Syon
707 1913 795 1954 orare
818 1895 858 1953 ad
881 1895 1059 1954 columnam
1083 1894 1178 1964 illam,
1203 1893 1243 1950 ad
1267 1909 1357 1968 quern

299 1984 472 2061 flagellatus
504 1989 552 2044 est
582 1984 742 2044 Dominus
783 1983 857 2043 Inde
888 1983 1004 2042 reuersi
1035 1983 1145 2042 sedent
1175 1981 1297 2041 modice
1326 1982 1358 2039 in
1434 2059 1435 2062 Ἴ

300 2075 444 2134 domibus
473 2073 539 2133 suis
569 2077 600 2133 et
627 2074 734 2133 statim
762 2073 819 2133 toti
847 2073 947 2148 parati
976 2076 1057 2131 sunt.
1096 2072 1134 2130 Et
1161 2070 1206 2130 sic
1234 2069 1361 2146 ponitur
1434 2131 1435 2134 ,

300 2163 447 2222 cathedra
463 2163 609 2239 episcopo
626 2164 658 2220 in
675 2162 827 2238 Golgotha
843 2166 915 2237 post
932 2161 1069 2232 Crucem,
1087 2178 1167 2237 quae
1184 2164 1246 2219 stat
1261 2177 1343 2219 nunc
1351 2181 1359 2230 ;
1434 2199 1435 2206 ,

300 2253 415 2311 residet
444 2251 608 2327 episcopus
638 2252 671 2310 in
701 2251 863 2322 cathedra3
893 2251 1019 2327 ponitur
1048 2255 1120 2309 ante
1149 2268 1221 2309 eum
1251 2266 1361 2308 mensa
1434 2305 1435 2308 ,

300 2341 503 2412 sublinteata;
522 2344 606 2400 stant
622 2340 656 2400 in
674 2342 738 2416 giro
757 2358 866 2400 mensa
883 2340 1030 2399 diacones
1048 2343 1079 2398 et
1095 2337 1222 2398 affertur
1239 2338 1360 2397 loculus
1434 2401 1435 2404 Ἴ

298 2433 464 2505 argenteus
493 2431 671 2502 deauratus,
700 2430 733 2489 in
763 2447 824 2506 quo
852 2434 902 2488 est
929 2428 1046 2505 lignum
1076 2433 1219 2487 sanctum
1247 2429 1359 2498 crucis,
1434 2457 1435 2460 ¹

205 2529 232 2574 sc
245 2530 286 2574 oa.
301 2519 439 2594 aperitur
459 2523 490 2578 et
512 2519 676 2595 protertur,
699 2520 824 2594 ponitur
845 2518 878 2577 in
901 2536 1010 2578 mensa
1034 2521 1097 2576 tam
1119 2517 1237 2592 lignum
1260 2516 1361 2576 crucis

300 2625 393 2684 quam
417 2609 535 2666 titulus.
569 2609 602 2670 2.
627 2607 705 2668 Cum
729 2626 800 2684 ergo
823 2607 960 2682 positum
983 2607 1078 2667 irrerit
1101 2608 1134 2666 in
1157 2623 1276 2677 mensa,
1300 2606 1361 2681 epi-

300 2714 413 2772 scopus
434 2698 546 2756 sedens
567 2697 604 2756 de
623 2697 768 2756 manibus
789 2697 855 2756 suis
874 2697 1070 2756 summitates
1090 2696 1128 2754 de
1147 2696 1231 2771 ligno
1251 2699 1363 2754 sancto
1434 2703 1435 2716 ³

299 2790 427 2861 premet,
450 2787 596 2846 diacones
618 2789 733 2858 autern,
757 2785 809 2862 qui
831 2787 865 2845 in
886 2787 951 2862 giro
974 2788 1067 2857 stant,
1090 2785 1263 2844 custodent.
1296 2785 1363 2842 Hoc

298 2878 401 2934 autem
433 2867 596 2950 propterea
626 2875 671 2934 sic
700 2875 883 2947 custoditur,
914 2877 989 2950 quia
1017 2874 1209 2934 consuetudo
1238 2877 1297 2946 est,
1328 2878 1365 2932 ut

299 2980 381 3022 unus
410 2968 440 3024 et
467 2982 549 3024 unus
576 2965 679 3024 omnis
707 2965 841 3040 populus
868 2963 1009 3035 ueniens,
1038 2967 1102 3022 tam
1130 2963 1237 3022 fideles
1267 2980 1364 3039 quam
1434 3031 1435 3054 χ

298 3053 515 3124 cathecumini,
535 3053 722 3112 acclinantes
742 3072 776 3112 se
796 3053 836 3111 ad
855 3064 998 3112 mensam
1019 3053 1197 3112 osculentur
1217 3055 1365 3111 sanctum

299 3142 416 3218 lignum
438 3145 468 3201 et
489 3146 713 3217 pertranseant.
745 3143 783 3201 Et
804 3143 952 3218 quoniam
971 3143 1079 3201 nescio
1102 3141 1226 3217 quando
1249 3141 1366 3200 dicitur

301 3231 427 3306 quidam
453 3231 560 3291 fixisse
586 3250 725 3290 morsum
749 3235 781 3290 et
806 3231 928 3290 iurasse
954 3233 1010 3291 de²
1036 3235 1144 3290 sancto
1170 3230 1263 3306 ligno,
1291 3230 1365 3290 ideo

299 3337 382 3378 nunc
408 3337 428 3378 a
456 3320 648 3392 diaconibus,
678 3321 731 3396 qui
760 3321 792 3379 in
820 3320 884 3396 giro
913 3324 1006 3392 stant,
1035 3320 1080 3380 sic
1107 3319 1293 3392 custoditur,
1323 3337 1365 3379 ne

202 3479 206 3490 ,
300 3408 352 3485 qui
371 3408 502 3469 ueniens
521 3409 636 3469 audeat
655 3410 758 3469 denuo
779 3411 824 3469 sic
843 3409 953 3469 iacere.
983 3411 1016 3472 3.
1036 3410 1080 3468 Ac
1100 3410 1145 3468 sic
1165 3427 1238 3485 ergo
1258 3409 1364 3468 omnis

299 3498 434 3573 populus
459 3498 571 3558 transit
592 3512 676 3557 unus
700 3504 731 3557 et
753 3517 835 3558 unus
861 3499 917 3558 toti
942 3499 1132 3558 acclinantes
1157 3517 1200 3570 se,
1225 3498 1366 3574 primum

300 3587 338 3646 de
364 3586 475 3658 fronte,
505 3587 549 3647 sic
577 3587 615 3647 de
641 3586 741 3646 oculis
769 3587 930 3664 tangentes
957 3602 1080 3647 crucem
1108 3591 1139 3646 et
1166 3587 1303 3660 titulum,
1334 3590 1367 3646 et

299 3676 345 3735 sic
370 3677 549 3736 osculantes
576 3695 700 3736 crucem
726 3682 953 3753 pertranseunt,
980 3694 1109 3737 manum
1135 3681 1240 3736 autem
1267 3693 1366 3736 nemo

300 3756 395 3824 mittit
431 3765 472 3823 ad
511 3767 708 3842 tangendum.
765 3767 804 3825 At
842 3765 894 3824 ubi
931 3757 1052 3826 autem
1075 3765 1207 3826 osculati
1246 3765 1369 3826 tuerint

299 3871 431 3926 crucem,
459 3855 702 3930 pertransierint,
731 3854 794 3914 stat
821 3855 980 3927 diaconus,
1009 3859 1093 3915 tenet
1118 3856 1248 3914 anulum
1277 3854 1366 3915 Salo-

300 3945 402 4002 monis
419 3947 450 4002 et
466 3961 562 4003 cornu
578 3944 664 4015 illud,
682 3945 720 4003 de
738 3962 803 4020 quo
816 3963 902 4020 reges
918 3945 1145 4020 unguebantur.
1172 3944 1368 4004 Osculantur
1422 4005 1425 4017 ,

376 4079 386 4111 ¹
406 4085 446 4135 set
467 4083 550 4145 Chol,
568 4083 637 4136 stell.
657 4082 713 4136 adr.
733 4113 767 4123 -
787 4079 926 4136 ²furasset
946 4085 979 4136 A.
