2884 4738
492 301 698 360 ..35-

68 469 96 526 et
117 466 157 524 ad
181 465 320 537 Crucem,
345 466 425 524 sicut
448 467 479 524 et
501 463 631 539 singulis
653 462 731 522 locis
755 462 871 522 sanctis
894 461 944 522 fit:
968 461 1125 530 dominica

68 555 148 614 enirn
164 554 214 614 die
230 571 315 613 nona
330 552 374 612 fit.
402 551 406 630 Ι
433 555 466 616 4.
484 553 561 612 Item
578 552 714 612 secunda
730 551 809 611 teria
826 551 968 610 similiter
984 552 1022 611 de
1039 552 1124 628 pullo
1141 561 1169 606 or

66 644 164 719 primo
189 643 230 702 ad
256 643 444 702 Anastasem
470 642 532 701 itur
558 643 640 701 sicut
665 645 697 700 et
722 645 787 700 toto
813 658 906 711 anno,
934 644 966 700 et
990 644 1125 716 aguntur

65 749 164 808 usque
193 732 234 790 ad
265 749 367 803 mane,
399 749 459 807 que
490 747 620 805 semper.
661 730 769 788 Denuo
800 730 840 788 ad
871 729 963 788 tertia
991 729 1054 789 itur
1083 730 1124 789 ad

67 821 243 880 Anastasinr
271 824 302 880 et
327 824 469 896 aguntur,
498 837 578 895 quae
605 823 670 878 toto
696 836 780 877 anno
807 819 847 876 ad
875 822 995 878 sextam
1022 819 1126 880 solent

65 910 122 986 agi,
149 909 296 985 quoniam
322 910 356 968 in
380 909 492 968 diebus
517 907 825 984 quadragesimarum
850 911 881 966 et
905 907 964 966 hoc
990 907 1124 979 additur,

65 1001 98 1056 ut
118 1001 148 1057 et
166 998 207 1056 ad
228 997 350 1058 tertiam
370 1001 467 1057 eatur.
496 997 572 1055 Item
591 997 632 1055 ad
653 999 774 1055 sextam
794 1000 825 1055 et
843 1013 960 1056 nonam
979 999 1010 1055 et
1029 997 1124 1054 lucer·
1179 1049 1181 1058 ,

32 1129 38 1140 .
65 1105 139 1146 nare
163 1089 208 1146 ita
233 1089 376 1162 aguntur,
403 1085 485 1146 sicut
509 1085 702 1145 consuetudo
728 1089 776 1144 est
801 1101 856 1160 per
881 1089 982 1144 totum
1005 1102 1134 1150 annum¹
1178 1146 1181 1152 ,

64 1177 110 1252 agi
132 1193 256 1250 semper
272 1175 305 1234 in
324 1173 401 1250 ipsis
420 1174 497 1234 locis
516 1173 642 1234 sanctis.
671 1176 704 1236 ὅ.
724 1173 873 1233 Similiter
889 1177 922 1232 et
939 1173 1030 1233 tertia
1048 1173 1125 1233 feria

65 1265 207 1324 similiter
223 1265 330 1323 omnia
346 1267 481 1340 aguntur
499 1263 580 1323 sicut
597 1267 628 1323 et
645 1265 782 1322 secunda
799 1262 885 1321 feria.
914 1261 1030 1338 Quarta
1048 1262 1126 1322 feria
1181 1269 1183 1274 ’

63 1359 169 1412 autem
193 1353 335 1412 sindliter
359 1354 422 1412 itur
445 1353 483 1412 de
506 1356 601 1411 noctu
624 1353 664 1410 ad
688 1352 842 1411 Anastase
865 1355 897 1411 et
919 1355 1054 1428 aguntur
1077 1347 1132 1423 ea,

64 1459 144 1518 quae
170 1460 302 1517 semper,
328 1457 428 1518 usque
454 1441 495 1500 ad
520 1458 627 1512 mane;
654 1441 797 1501 similiter
822 1443 853 1499 et
878 1440 918 1499 ad
944 1441 1069 1500 tertiam
1093 1444 1126 1498 et
1170 1517 1172 1522 ,

63 1530 104 1589 ad
129 1533 234 1602 sexta
259 1530 299 1589 ad
323 1547 440 1589 nonam
464 1533 578 1602 autern,
604 1529 679 1606 quia
702 1529 895 1589 consuetudo
919 1533 969 1588 est
993 1547 1124 1604 semper,

63 1620 95 1678 id
121 1623 170 1680 est
195 1623 260 1679 toto
285 1636 378 1692 anno,
405 1623 517 1694 quarta
540 1618 620 1679 feria
643 1623 674 1678 et
699 1622 789 1678 sexta
813 1617 893 1678 feria
916 1618 957 1676 ad
982 1635 1065 1676 nona
1090 1618 1124 1676 in
1180 1689 1184 1696 ‚

64 1707 149 1784 Syon
170 1708 305 1784 procedi,
328 1707 475 1784 quoniam
496 1708 529 1767 in
550 1707 620 1767 istis
640 1707 727 1780 locis
749 1710 878 1782 excepto
900 1706 927 1766 si
948 1705 1125 1783 martir[i]o·

62 1815 130 1856 rum
157 1797 224 1856 dies
249 1797 397 1868 euenerit,
423 1813 546 1872 semper
570 1799 681 1873 quarta
704 1799 736 1855 et
759 1800 848 1856 sexta
871 1795 950 1856 feria
975 1796 1069 1855 etiam
1093 1799 1125 1854 ot

62 1905 82 1944 a
114 1886 340 1947 cathecuminis
371 1885 561 1944 ieiunatur1:
592 1889 624 1944 et
654 1885 725 1944 ideo
756 1885 796 1943 ad
829 1903 944 1944 nonam
974 1885 1007 1943 in
1039 1884 1124 1959 Syon

61 1975 249 2052 proceditur.
283 1975 361 2033 Nam
387 1975 413 2035 si
438 1972 566 2031 fortuito
589 1973 622 2030 in
645 1972 889 2049 quadragesimis
916 1978 1124 2050 martyrorum
1177 2007 1179 2050 3

63 2065 131 2124 dies
148 2065 289 2124 euenerit
308 2069 419 2140 quarta
435 2064 512 2124 teria
531 2069 586 2122 aut
603 2068 691 2124 sexta
710 2063 796 2135 teria,
816 2065 836 2140 †
854 2067 965 2138 atque²
984 2063 1023 2122 ad
1042 2080 1126 2121 nona

61 2154 94 2212 in
120 2153 207 2229 Syon
230 2153 415 2228 proceditur.
450 2155 482 2216 c.
508 2152 624 2213 Diebus
648 2170 723 2212 uero
748 2153 1065 2229 quadragesimarum,
1090 2156 1126 2210 ut
1189 2175 1192 2235 ζ

62 2243 208 2318 superius
226 2243 300 2314 dixi,
320 2246 430 2318 quarta
446 2242 525 2302 teria
542 2243 582 2300 ad
598 2260 683 2300 nona
700 2242 732 2300 in
751 2241 826 2301 Sion
844 2239 1021 2318 proceditur
1037 2241 1126 2300 iuxta
1194 2293 1199 2324 ,Ι

39 2331 322 2391 .consuetudinem
351 2331 447 2390 totius
475 2332 550 2390 anni
580 2335 611 2390 et
639 2332 745 2390 omnia
774 2335 915 2406 aguntur,
946 2347 1025 2406 quae
1054 2348 1124 2389 con·

62 2421 198 2480 suetudo
217 2424 267 2479 est
284 2421 324 2479 ad
341 2437 459 2479 nonam
477 2421 536 2495 agi,
557 2424 678 2495 praeter
698 2419 823 2478 oblatio
852 2419 931 2478 Nam
949 2422 984 2478 ut
1003 2437 1125 2494 semper

60 2508 197 2586 populus
220 2509 321 2568 discat
340 2509 449 2584 legem,
471 2513 503 2568 et
522 2509 688 2584 episcopus
709 2512 741 2568 et
761 2509 923 2584 presbyter
943 2508 1125 2584 praedicant

59 2598 200 2658 assidue.
237 2597 314 2658 Cum
338 2601 444 2657 autern
469 2598 553 2657 facta
577 2597 670 2657 tuerit
694 2599 800 2670 missa,
827 2598 900 2656 inde
925 2615 996 2656 cum
1021 2597 1124 2673 ymnis

60 2689 198 2763 populus
221 2687 354 2746 deducet
375 2687 556 2762 episcopum
578 2703 676 2762 usque
700 2686 739 2745 ad
761 2687 962 2758 Anastasem;
985 2685 1057 2745 inde
1080 2688 1126 2745 sic

59 2776 198 2847 uenitur,
216 2779 252 2833 ut
270 2793 341 2833 cum
359 2776 492 2834 intratur
510 2777 544 2834 in
561 2775 724 2847 Anastase‚
744 2775 808 2835 iam
826 2778 858 2834 et
876 2775 952 2833 hora
970 2775 1124 2834 lucemari
1166 2798 1168 2802 ’

62 2866 140 2936 sit³;
168 2865 213 2924 sic
240 2864 385 2923 dicuntur
410 2863 496 2940 ymni
523 2868 554 2922 et
579 2864 778 2939 antiphonae,
806 2863 886 2922 fiunt
911 2864 1068 2922 orationes
1094 2868 1126 2923 et

60 2953 98 3012 fit
123 2953 222 3012 missa
246 2953 416 3012 lucernaris
441 2955 474 3012 in
499 2953 652 3012 Anastase
677 2956 707 3012 ct
731 2953 770 3011 ad
797 2952 935 3013 Crucem.
971 2955 1003 3016 7.
1028 2953 1127 3012 Missa

59 3046 170 3102 autem
191 3041 343 3102 lucemari
366 3042 399 3101 in
420 3042 521 3101 isdem
543 3041 663 3114 diebus,
684 3041 716 3099 id
738 3045 786 3101 est
808 3042 1124 3118 quadragesimarum,

61 3131 166 3190 serius
187 3129 223 3188 fit
244 3148 366 3206 semper
388 3148 481 3205 quam
502 3147 557 3206 per
577 3133 642 3189 toto
662 3147 755 3189 anno.
787 3130 901 3206 Quinta
922 3131 1001 3190 teria
1021 3135 1125 3190 autern
1207 3129 1225 3202 '¹

60 3219 209 3282 similiter
230 3220 335 3278 omnia
354 3223 497 3295 aguntur,
519 3219 600 3278 sicut
620 3221 757 3278 secunda
778 3218 906 3282 terraer
927 3219 1017 3279 tertia
1038 3221 1124 3279 feria.
1178 3239 1180 3242 ’
1224 3215 1226 3221 ’

61 3309 162 3368 Sexta
177 3308 256 3367 teria
270 3311 374 3367 autem
390 3307 532 3368 similiter
548 3308 653 3366 omnia
668 3311 803 3384 aguntur
818 3307 899 3368 sicut
914 3313 1023 3385 quarta
1038 3309 1125 3381 feria,

60 3402 93 3458 et
104 3396 250 3457 similiter
258 3397 298 3455 ad
313 3415 428 3455 nonam
442 3398 475 3455 in
486 3396 570 3472 Syon
584 3397 646 3456 itur
656 3401 686 3456 et
701 3396 843 3456 similiter
855 3398 927 3456 inde
938 3415 1009 3456 curn
1023 3398 1127 3474 ymnis
1186 3421 1195 3430 1‘

60 3505 166 3563 usque
179 3485 220 3544 ad
234 3486 387 3546 Anastase
399 3486 571 3546 adducetur
584 3487 759 3562 episcopus.
784 3486 844 3545 Sed
860 3491 948 3546 sexta
961 3487 1039 3545 teria
1051 3488 1127 3562 uigi-

61 3576 125 3635 liae
140 3575 173 3634 in
188 3573 342 3634 Anastase
357 3575 551 3634 celebrantur
565 3575 605 3632 ab
619 3593 657 3634 ea
673 3575 759 3647 hora,
776 3593 837 3652 qua
852 3576 890 3634 de
906 3574 982 3634 Sion
997 3580 1127 3635 uentum
1185 3647 1189 3652 .

59 3665 157 3729 fuerit
176 3681 247 3722 cum
266 3663 378 3739 ymnis,
396 3681 498 3739 usque
517 3665 550 3724 in
569 3681 669 3736 mane,
689 3664 722 3722 id
741 3667 790 3722 est
808 3665 845 3722 de
865 3665 941 3722 hora
960 3664 1123 3738 lucernari,

2 3766 23 3808 r.
59 3752 329 3829 quemadmodum
341 3753 490 3810 intratum
503 3752 597 3812 tuerit
610 3753 642 3811 in
655 3753 719 3811 alia
733 3751 782 3811 die
795 3769 896 3823 mane,
910 3753 942 3811 id
955 3757 1003 3812 est
1017 3752 1125 3812 sabba-

59 3846 102 3900 te.
130 3842 179 3900 Fit
195 3846 301 3900 autem
315 3841 432 3901 oblatio
449 3842 482 3901 in
498 3841 652 3901 Anastase
668 3842 830 3913 maturius
847 3842 891 3900 ita
907 3845 942 3900 ut
957 3841 1011 3900 fiat
1027 3838 1125 3901 missa

136 3987 146 4018 ²
159 3987 275 4041 ieiunari
286 3989 322 4041 A.
340 4017 375 4028 -
396 3985 485 4040 ²or'ell.
493 3988 527 4041 ad
537 4005 619 4057 quem
629 3991 687 4044 und
695 3989 786 4042 nocte
797 3989 913 4056 (penitus
924 4005 1005 4045 nemo
1018 3987 1128 4054 ieiunat,

59 4074 127 4122 tunc
147 4067 231 4133 nec)*.
251 4098 283 4106 —-
306 4067 316 4099 ³
334 4072 361 4123 et
379 4071 436 4123 tota
454 4069 588 4130 lucemari
606 4067 645 4122 sic
663 4071 698 4124 A.

993 4173 1021 4215 3*
