2884 4738
711 295 917 354 ...50-

285 459 401 528 centur,
430 459 503 516 tunc
530 456 682 531 accipient
710 455 878 514 simbolum
885 476 893 526 ;
922 456 1011 515 cuius
1039 453 1164 514 simboli
1191 453 1340 514 rationem

285 545 427 606 similiter
451 547 532 604 sicut
556 544 695 603 omnium
718 545 941 619 scripturarum
965 543 1117 604 rationem
1141 547 1276 619 exponet
1298 544 1341 603 eis

285 635 477 711 singulorum
500 651 680 694 sermonum
703 637 836 709 primum
864 633 867 708 Ι
895 633 1060 694 carnaliter
1082 637 1113 693 et
1135 635 1180 693 sic
1204 632 1342 708 spiritua·
1359 645 1386 687 aa

284 725 362 795 liter,
388 724 432 782 ita
457 727 488 783 et
513 723 681 782 simbolum
706 726 848 798 exponet.
883 722 926 780 Ac
953 724 998 782 sic
1023 726 1079 794 est,
1106 726 1139 781 ut
1164 723 1196 781 in
1222 721 1342 781 hisdem

249 853 256 866 .
284 814 361 872 locis
384 830 494 872 omnes
520 812 627 872 fideles
652 814 823 889 sequantur
847 812 1025 888 scripturas,
1052 811 1176 887 quando
1200 812 1344 888 leguntur

283 902 316 961 in
346 902 486 973 ecclesia,
517 903 591 977 quia
620 919 728 960 ornnes
758 901 908 960 docentur
935 919 990 976 per
1018 901 1089 960 illos
1119 900 1185 960 dies
1216 901 1345 976 quadra-

285 992 378 1067 ginta,
410 990 442 1049 id
474 994 523 1051 est
552 992 592 1049 ab
624 992 701 1049 hora
732 993 833 1066 prima
864 1007 964 1066 usque
995 990 1036 1048 ad
1068 991 1177 1049 horam
1209 991 1342 1063 tertiam,

286 1080 434 1158 quoniam
453 1098 509 1155 per
529 1084 591 1140 tres
611 1081 706 1138 horas
727 1078 763 1137 fit
782 1080 961 1139 cathecisin.
991 1080 1026 1142 4.
1047 1079 1129 1138 Deus
1151 1082 1255 1138 autem
1277 1081 1342 1151 scit,

286 1170 430 1229 dominae
461 1187 593 1240 sororer„
625 1170 773 1246 quoniam
803 1170 938 1228 maiores
968 1186 1062 1228 uoces
1093 1171 1166 1228 sunt
1195 1169 1343 1241 fidelium,

285 1259 338 1335 qui
363 1259 403 1317 ad
428 1258 619 1318 audiendum
644 1259 763 1319 intrant
786 1259 819 1318 in
845 1257 1032 1329 cathecisen,
1058 1258 1099 1316 ad
1124 1276 1171 1330 ea,
1198 1275 1278 1332 quae
1304 1257 1345 1316 di-

286 1351 397 1407 cuntur
416 1348 468 1407 uel
490 1351 688 1423 exponuntur
707 1365 762 1423 per
782 1348 973 1424 episcopum,
997 1365 1089 1424 quam
1112 1347 1236 1422 quando
1259 1347 1347 1406 sedet

195 1486 198 1490 ,
286 1441 317 1496 et
340 1438 499 1513 praedicat
521 1437 554 1496 in
578 1437 711 1496 ecclesia
733 1437 774 1495 ad
799 1437 931 1513 singula,
957 1455 1037 1512 quae
1062 1437 1164 1496 taliter
1188 1454 1345 1511 exponun-

286 1531 344 1585 tur.
380 1527 476 1586 Missa
500 1531 607 1586 autem
632 1527 715 1585 facta
740 1527 905 1587 cathecisis
932 1527 1009 1585 hora
1034 1527 1097 1585 iam
1123 1525 1214 1585 tertia
1240 1525 1346 1584 statim

286 1616 358 1675 inde
376 1634 448 1675 cum
466 1616 569 1692 ymnis
588 1617 713 1675 ducitur
731 1617 896 1691 episcopus
916 1615 955 1674 ad
975 1616 1127 1675 Anastase
1146 1619 1178 1674 et
1196 1614 1231 1674 fit
1250 1614 1348 1674 missa

285 1706 326 1764 ad
352 1706 457 1777 tertia3
483 1723 522 1764 ac
548 1705 592 1764 sic
619 1705 719 1764 tribus
745 1706 831 1766 horis
858 1706 1008 1765 docentur
1034 1705 1073 1763 ad
1100 1705 1150 1764 die
1175 1722 1229 1780 per
1256 1704 1347 1780 septi-

287 1812 395 1854 manas
420 1798 548 1870 septem.
583 1795 701 1854 Octaua
724 1796 807 1854 enim
831 1795 1005 1870 septimana
1029 1794 1347 1870 quadragesimarum,

286 1884 317 1943 id
346 1887 395 1943 est
422 1902 501 1959 quae
528 1885 704 1959 appellatur
731 1884 907 1959 septimana
933 1887 1042 1955 maior,
1072 1885 1135 1943 iam
1162 1901 1226 1942 non
1253 1887 1347 1942 uacat

287 1991 341 2032 eos
371 1973 483 2044 doceri,
512 1977 548 2032 ut
575 1973 763 2049 impleantur
790 1991 837 2046 ea,
868 1991 947 2049 quae
977 1975 1121 2049 superius
1150 1973 1234 2033 dicta
1263 1976 1345 2031 sunt.

287 2065 320 2125 5.
343 2061 420 2122 Cum
442 2067 546 2122 autem
567 2063 631 2122 iam
653 2063 833 2122 transierint
855 2067 974 2138 septem
996 2063 1196 2138 septimanae,
1220 2065 1350 2137 superat

285 2151 339 2211 illa
355 2170 419 2210 una
437 2151 612 2227 septimana
629 2152 796 2227 paschalia,
817 2170 910 2228 quam
928 2153 979 2211 hic
997 2152 1155 2228 appellant
1172 2151 1349 2226 septimana

286 2242 393 2314 maior,
411 2242 474 2300 iam
491 2245 564 2301 tunc
580 2243 669 2301 uenit
685 2243 851 2318 episcopus
869 2260 960 2301 mane
976 2243 1009 2301 in
1024 2241 1157 2301 ecclesia
1173 2239 1291 2300 maiore
1309 2241 1349 2300 ad

180 2343 220 2386 ror
234 2343 275 2386 ua.
288 2331 475 2407 Martyrium.
506 2332 599 2391 Retro
619 2332 651 2390 in
669 2332 782 2392 absida
800 2336 873 2408 post
890 2333 1037 2392 altarium
1056 2331 1181 2407 ponitur
1200 2331 1349 2391 cathedra

287 2422 442 2497 episcopo,
462 2424 493 2481 et
510 2422 554 2481 ihi
572 2439 654 2482 unus
673 2425 705 2481 et
720 2439 803 2481 unus
821 2422 925 2495 uadet,
944 2422 1005 2481 uiri
1023 2440 1094 2481 cum
1111 2425 1199 2497 patre
1217 2439 1276 2480 suo
1295 2424 1352 2480 aut

288 2511 398 2571 mulier
412 2529 482 2569 cum
497 2514 595 2571 matre
611 2529 677 2584 sua,
693 2515 724 2571 et
738 2512 845 2571 reddet
860 2511 1027 2571 simbolum
1042 2513 1197 2586 episcopo.
1222 2512 1255 2573 a
1272 2511 1350 2570 Red-

288 2600 353 2659 dito
379 2605 486 2660 autem
515 2601 647 2660 simbolo
674 2601 822 2677 episcopo
848 2601 1018 2677 alloquitur
1045 2619 1154 2660 omnes
1181 2600 1350 2677 episcopus

288 2693 319 2749 et
336 2690 431 2749 dicet:
451 2689 527 2749 “Per
543 2690 621 2750 istas
639 2691 759 2766 septem
777 2691 967 2766 septimanas
986 2691 1085 2766 legem
1103 2708 1228 2749 omnem
1246 2691 1350 2750 edocti

288 2781 364 2839 estis
385 2779 607 2855 scripturarum
628 2797 768 2840 necnon
789 2782 884 2840 etiam
905 2780 942 2838 de
963 2779 1024 2839 fide
1045 2779 1194 2852 audistis3
1216 2779 1351 2840 audistis
1438 2845 1439 2848 ,

287 2869 383 2928 etiam
406 2873 439 2929 et
464 2870 502 2928 de
528 2871 753 2930 resurrectione
780 2869 892 2942 carnia,
919 2870 974 2929 sed
1001 2873 1031 2929 et
1057 2869 1198 2929 simboli1
1225 2887 1352 2929 omnem

287 2959 449 3031 rationem,
479 2962 515 3016 ut
543 2959 690 3035 potuistis
720 2962 825 3019 tamen
854 2959 956 3018 adhuc
986 2958 1192 3019 cathecumini
1223 2959 1351 3018 audire:

287 3047 403 3106 uerba2
420 3051 526 3108 autem
546 3067 626 3124 quae
646 3051 720 3108 sunt
737 3049 868 3108 misterii
888 3048 1019 3120 altioris,
1039 3049 1071 3107 id
1091 3052 1138 3108 est
1157 3048 1258 3124 ipsius
1278 3049 1352 3125 bap-

290 3137 383 3209 tismi,
402 3136 476 3212 quia
492 3138 595 3197 adhuc
612 3138 819 3198 cathecumini
838 3141 918 3211 catis,
936 3138 1045 3199 audire
1062 3156 1127 3198 non
1143 3137 1285 3214 potestis.
1316 3139 1354 3198 Et

288 3245 328 3286 ne
349 3226 506 3286 extimatis
529 3227 646 3304 aliquid
668 3228 735 3288 sine
758 3229 877 3288 ratione
900 3228 975 3300 fieri,
999 3229 1124 3288 cumin
1145 3227 1272 3287 nomine
1295 3228 1354 3287 Dei
1436 3289 1437 3302 ἶ

288 3313 452 3391 baptidiati
471 3316 602 3388 tueritiS,
624 3334 678 3391 per
697 3321 767 3376 octo
788 3318 854 3377 dies
875 3318 1038 3393 paschales
1058 3322 1129 3394 post
1149 3317 1248 3377 missa
1267 3318 1356 3377 tacta
1436 3313 1437 3364 Ϊ

290 3404 484 3464 deecclesia
508 3406 540 3465 in
564 3406 717 3466 Anastase
741 3406 891 3466 audietis:
917 3407 991 3483 quia
1016 3407 1117 3467 adhuc
1142 3407 1354 3467 cathecumini

289 3495 374 3565 estis,
402 3493 541 3555 misteria
568 3495 624 3554 Dei
652 3496 819 3556 secretiora
845 3496 906 3556 dici
933 3497 1024 3556 uobis
1051 3515 1115 3556 non
1141 3499 1307 3572 possunt.”
1435 3567 1436 3574 ἶ

257 3625 262 3636 .
358 3583 473 3642 XLVll.
505 3586 538 3647 1.
560 3583 635 3644 Post
655 3589 760 3645 autem
781 3589 924 3646 uenerint
945 3586 1011 3645 dies
1034 3587 1178 3662 paschae,
1201 3604 1257 3662 per
1278 3587 1355 3647 illos

288 3675 359 3732 octo
377 3673 453 3745 dies,
471 3674 503 3733 id
520 3678 569 3735 est
584 3693 604 3733 a
621 3676 738 3751 pascha
754 3676 912 3752 usquead
930 3680 1068 3748 octauas,
1086 3676 1358 3751 quemadmodum
1434 3707 1435 3730 r

290 3763 387 3822 missa
408 3763 492 3822 tacta
513 3763 607 3823 fuerit
628 3765 666 3824 de
689 3765 829 3836 ecclesia,
852 3769 884 3824 et
905 3768 967 3846 itur
990 3782 1060 3824 cum
1082 3765 1185 3841 ymnis
1209 3765 1249 3824 ad
1272 3765 1357 3825 Ana-

290 3854 383 3924 stase‚
403 3870 476 3911 mox
494 3851 530 3911 fit
545 3855 655 3926 oratiO,
674 3854 899 3914 benedicuntur
918 3854 1034 3926 fideleS,
1054 3857 1085 3914 et
1103 3858 1166 3913 stat
1183 3857 1358 3932 episcopus

289 3941 473 4001 incumbens
496 3942 529 4002 in
553 3943 690 4003 cancello
713 3945 869 4014 interiore,
895 3943 947 4020 qui
971 3947 1020 4003 est
1041 3944 1075 4002 in
1099 3944 1248 4019 spelunca
1273 3945 1358 4003 Ana·
1433 4009 1434 4028 ξ

363 4084 373 4116 ¹
391 4078 488 4145 singuli
507 4080 541 4133 A.
561 4107 594 4118 —
609 4077 620 4110 ²
638 4080 754 4134 uerbum
772 4081 807 4136 A.
