2884 4738
534 325 740 384 -13-

105 492 178 564 post
197 487 329 547 lectione
349 485 433 545 lacta
452 490 502 546 est
520 485 630 556 oratio,
652 489 682 544 et
703 484 816 560 gratias
837 485 901 543 Deo
921 487 1047 560 agentes
1069 484 1165 542 moui·

104 594 175 635 mus
203 576 285 635 inde.
323 575 357 634 Id
385 574 468 634 enim
495 574 585 633 nobis
614 591 736 649 semper
764 572 999 633 consuetudinis
1026 576 1102 640 erat,
1131 575 1166 630 ut

104 665 292 740 ubicumque
311 664 351 722 ad
370 664 440 722 loca
459 663 635 724 desiderata
654 663 799 722 accedere
817 661 1010 732 nolebamus,
1031 661 1165 736 primum

104 752 148 812 ibi
170 752 259 813 fieret
279 753 389 824 oratio,
413 752 525 812 deinde
547 752 698 828 legeretur
719 751 810 811 lectio
832 751 902 826 ipsa
924 750 962 809 de
984 750 1099 822 codice,
1123 749 1164 809 di-

105 847 226 902 ceretur
253 841 347 901 etiam
374 842 514 918 psalmus
541 858 623 900 unus
651 841 808 916 pertinens
835 840 876 898 ad
903 856 969 898 rem
995 841 1027 898 et
1052 839 1163 897 iterato

104 930 192 990 fieret
221 929 265 989 ibi
293 929 402 990 oratio.
441 930 528 988 Hanc
558 947 629 1005 ergo
659 929 916 988 consuetudinem
945 927 1070 987 iubente
1100 928 1163 986 Deo

104 1037 228 1095 semper
251 1019 417 1090 tenuimus
441 1018 629 1167 ubicumque
654 1018 693 1077 ad
717 1019 785 1076 loca
809 1017 982 1077 desiderata
1005 1018 1163 1092 potuimus

103 1109 276 1208 peruenire
306 1109 339 1170 8
360 1108 404 1166 Αιι
425 1106 470 1166 sic
491 1125 614 1184 ergo,u
616 1110 717 1196 tcept
717 1124 771 1164 um
790 1124 870 1182 opus
891 1104 1098 1181 perficeretur,
1119 1123 1164 1163 ce-

104 1197 207 1272 pimus
229 1195 443 1268 festinarent
409 1196 696 1343 uperueniremus
717 1196 758 1254 ad
778 1198 865 1254 mont
866 1213 916 1254 em
936 1194 1055 1252 Nabau,
1087 1194 1164 1252 Eun·

104 1286 189 1344 tibus
219 1285 310 1344 nobis
342 1285 534 1345 commonuit
564 1285 724 1360 presbyter
754 1284 853 1343 loci
845 1283 953 1359 1psius‚
985 1283 1017 1341 id
1047 1286 1096 1342 est
1126 1283 1164 1342 de

102 1373 242 1446 Libiade,
271 1379 380 1450 queml
407 1374 511 1450 ipsum
537 1373 702 1433 nobiscum
729 1377 872 1449 rogantes
900 1389 1098 1431 moneremus
1126 1371 1163 1429 de

8 1473 34 1516 ιιι
48 1475 91 1518 oa.
104 1464 276 1534 mansione,
300 1463 373 1539 quia
396 1462 507 1522 melius
530 1464 600 1538 ipsa
622 1464 691 1521 loca
712 1467 857 1522 nouerat:
881 1461 956 1520 dicit
978 1479 1049 1536 ergo
1072 1460 1162 1519 nobis

102 1551 172 1628 ipse
202 1552 379 1628 presbyter:
412 1551 465 1610 “Si
495 1552 592 1610 uultis
623 1551 729 1610 uidere
761 1569 883 1627 aquam,
916 1567 995 1626 quae
1026 1549 1095 1608 fluit
1125 1550 1163 1608 de

103 1646 201 1717 petra,
226 1641 259 1700 ιιι
285 1645 333 1700 est
358 1658 451 1717 quam
476 1639 562 1700 dedit
585 1640 709 1715 Moyses
734 1639 807 1699 filiis
833 1639 950 1698 Israhel
976 1639 1068 1698 sitien
1070 1638 1162 1710 t‚ibus

102 1729 235 1806 potestis
252 1729 368 1801 uidere,
387 1729 413 1788 si
431 1734 536 1788 tamen
552 1730 715 1790 uolueritis
731 1729 870 1788 laborem
887 1727 1003 1787 uobis
994 1744 1163 1803 imponere,
1204 1761 1219 1808 (ι
1230 1779 1261 1822 u
1262 1791 1286 1819 a
1296 1784 1325 1828 4

101 1819 202 1878 tude
228 1819 282 1877 uia
307 1834 482 1877 camsemus
510 1818 514 1894 ι
541 1817 673 1878 forsitan
699 1818 832 1878 miliario
858 1819 956 1877 sexto
960 1818 1046 1880 ’..9
1073 1816 1162 1891 Quod
1174 1827 1205 1870 ιι
1250 1766 1309 1874 ιι
1332 1773 1394 1854 ⁶4*

103 1922 172 1966 cum
200 1906 340 1979 dixisset,
367 1925 425 1966 nos
451 1907 527 1966 satis
553 1908 638 1967 auidi
664 1906 761 1982 optati
787 1923 895 1965 sumus
921 1906 975 1978 ire,
1002 1910 1033 1965 et
1058 1905 1163 1964 statim
1198 1904 1223 1957 ιι
1304 1875 1390 1936 tint

102 1988 206 2056 diuert
194 2001 294 2056 tentes
314 2014 334 2054 a
352 1993 408 2054 uia
429 1997 527 2056 secuti
548 2014 656 2056 sumus
677 1996 901 2096 presbyterum,
923 1995 1054 2070 quinos
1075 1995 1164 2053 duce·
1188 1897 1383 2098 Μιιιιςξιιι
1367 1987 1395 2019 ι

102 2085 166 2144 bat
201 2085 235 2142 ln
260 2102 297 2144 eo
321 2102 394 2160 ergo
418 2085 487 2144 loco
511 2085 642 2145 ecclesia
664 2088 714 2144 est
737 2084 861 2160 pisinna
886 2083 991 2142 subter
1015 2085 1162 2154 montem,
1185 2079 1258 2135 ull
1273 2081 1358 2120 ιιιι
1363 2134 1409 2192 ,l

102 2191 167 2233 non
195 2173 314 2245 Nabau,
345 2174 400 2232 sed
427 2174 560 2234 alterum
586 2173 781 2234 interiorem:
810 2173 865 2232 sed
892 2189 949 2231 nec
977 2171 1044 2248 ipse
1072 2172 1162 2247 longe
1196 2169 1245 2220 ι
1249 2157 1345 2210 *Μι

103 2267 152 2322 est
140 2263 210 2321 tde
231 2262 349 2321 Nabau.
379 2263 522 2321 Monacbi
541 2266 646 2322 autem
666 2261 789 2338 plurimi
810 2264 1008 2321 commanent
1027 2261 1070 2321 ibi
1092 2278 1163 2320 uere

103 2351 204 2410 sancti
229 2355 260 2410 et
284 2369 362 2427 quos
386 2350 436 2409 hic
458 2351 582 2441 ascitos
596 2354 719 2410 uocant.
1171 2355 1179 2414 Ι

173 2439 223 2498 XI.
259 2442 292 2502 1
318 2440 356 2498 Hi
382 2457 453 2515 ergo
473 2427 578 2498 sancti
556 2439 747 2498 tmonachi
773 2439 890 2515 dignati
916 2442 989 2498 sunt
1013 2456 1071 2498 nos
1097 2456 1162 2498 sus-

102 2529 206 2604 cipere
231 2529 323 2588 ualde
348 2517 493 2600 humane,
519 2547 593 2587 nam
616 2533 649 2588 et
637 2529 714 2588 tad
739 2529 958 2588 salutationem
984 2546 1073 2587 suam
1098 2546 1163 2603 per-

101 2618 256 2676 miserunt
281 2635 339 2676 nos
366 2617 494 2693 ingredi.
532 2616 610 2676 Cum
636 2621 741 2677 autem
767 2617 899 2694 ingressi
926 2616 1094 2676 fuissemus
1123 2616 1162 2674 ad

103 2723 167 2778 eos,
193 2706 277 2764 tacta
301 2707 442 2765 oratione
467 2724 537 2764 curn
562 2705 640 2781 ipsis
666 2707 804 2782 eulogias
829 2707 920 2765 nobis
947 2706 1020 2764 dare
1045 2705 1163 2781 dignati

102 2799 185 2866 sunt,
209 2795 290 2853 sicut
311 2795 427 2854 habent
448 2794 705 2854 consuetudinem
728 2795 822 2854 dandi
843 2795 902 2866 his,
926 2812 1004 2870 quos
1027 2794 1162 2853 humane

103 2883 287 2959 suscipiunt.
324 2884 358 2945 2.
386 2883 431 2942 lbi
460 2901 531 2960 ergo
559 2885 639 2943 inter
665 2883 829 2944 ecclesiam
855 2887 886 2942 et
913 2883 1103 2942 monasteria
1129 2882 1162 2941 in

102 2972 205 3030 medio
225 2971 294 3031 fluit
313 2971 350 3030 de
370 2975 458 3046 petra
476 2989 558 3048 aqua
576 2973 694 3048 ingens,
714 2973 843 3047 pulchra
861 2973 953 3031 ualde
972 2976 1004 3032 et
1022 2972 1160 3047 limpida,

102 3061 243 3136 saporis²
269 3061 387 3136 optimi.
432 3061 516 3119 Tunc
530 3061 802 3136 interrogauimus
828 3079 886 3120 nos
913 3062 1008 3121 etiam
1034 3065 1065 3120 et
1090 3061 1161 3119 illos

102 3155 229 3208 sanctos
248 3150 428 3221 monachos,
450 3149 502 3225 qui
521 3149 564 3208 ibi
585 3150 760 3222 manebant,
781 3168 860 3226 quae
881 3154 964 3209 esset
982 3151 1059 3208 haec
1080 3168 1162 3226 equa

71 3281 77 3292 .
103 3238 175 3297 talis
198 3240 230 3296 et
252 3238 329 3299 tanti
353 3241 483 3313 saporis.
515 3239 599 3296 Tunc
622 3239 667 3298 illi
690 3239 850 3298 dixerunt:
874 3239 976 3298 “Haec
998 3243 1047 3298 est
1070 3256 1160 3315 aqua,
1220 3251 1222 3255 ’

102 3344 197 3403 quam
220 3327 306 3386 dedit
329 3331 456 3386 sanctus
480 3327 604 3403 Moyses
628 3326 700 3386 filiis
724 3329 841 3388 Israhel
865 3329 898 3388 in
922 3328 980 3386 hac
1004 3329 1159 3388 heremo”.

101 3416 135 3478 3.
159 3415 254 3474 Facta
276 3419 324 3474 est
346 3433 417 3492 ergo
439 3417 527 3475 iuxta
549 3413 805 3476 consuetudinem
827 3416 871 3476 ibi
895 3417 994 3476 oratio
1016 3421 1049 3475 et
1069 3417 1160 3476 lectio

100 3506 171 3579 ipsa
194 3504 233 3562 de
257 3503 344 3563 libris
367 3504 468 3580 Moysi
491 3505 579 3577 lecta,
604 3505 704 3564 dictus
727 3506 821 3565 etiam
845 3507 985 3580 psalmus
1009 3524 1106 3577 unus3
1129 3510 1162 3564 et

102 3593 148 3651 sic
174 3591 268 3651 simul
296 3611 366 3652 cum
393 3594 455 3653 illis
483 3595 599 3654 sanctis
627 3594 745 3653 clericis
773 3598 804 3654 et
830 3594 1001 3666 monachis,
1030 3595 1081 3670 qui
1109 3611 1160 3652 no·

102 3681 223 3740 hiscum
252 3687 412 3754 uenerant,
444 3682 653 3758 perexiulmus
684 3684 723 3742 ad
753 3686 899 3742 montem.
938 3683 1026 3742 Multi
1057 3687 1160 3741 autem

102 3773 196 3829 etex
221 3769 299 3846 ipsis
325 3770 486 3831 monachis
512 3773 638 3843 sanctis,
665 3772 717 3847 qui
741 3771 786 3830 ibi
811 3772 1049 3832 commanebant
1073 3771 1161 3830 iuxta

102 3875 185 3933 aqua
213 3859 291 3934 ipsa,
322 3859 375 3935 qui
405 3865 509 3919 tamen
538 3864 705 3935 potuerunt
733 3861 892 3936 imponere
921 3861 982 3921 sibi
1011 3860 1160 3932 laborem,

176 4063 187 4096 ¹
204 4081 273 4133 quae
291 4067 325 4119 Α.
341 4093 372 4106 -
394 4063 405 4096 ²
422 4065 526 4134 soporis
544 4069 579 4123 A.
