<?xml version="1.0" encoding="UTF-8"?>
<!DOCTYPE html PUBLIC "-//W3C//DTD XHTML 1.0 Transitional//EN"
    "http://www.w3.org/TR/xhtml1/DTD/xhtml1-transitional.dtd">
<html xmlns="http://www.w3.org/1999/xhtml" xml:lang="en" lang="en">
 <head>
  <title>
</title>
<meta http-equiv="Content-Type" content="text/html;charset=utf-8" />
  <meta name='ocr-system' content='tesseract 3.04.00' />
  <meta name='ocr-capabilities' content='ocr_page ocr_carea ocr_par ocr_line ocrx_word'/>
</head>
<body>
  <div class='ocr_page' id='page_1' title='image "./silviaevelpotiu00heragoog_0055.png"; bbox 0 0 2884 4738; ppageno 0'>
   <div class='ocr_carea' id='block_1_1' title="bbox 550 287 757 346">
    <p class='ocr_par' dir='ltr' id='par_1_1' title="bbox 550 287 757 346">
     <span class='ocr_line' id='line_1_1' title="bbox 550 287 757 346; baseline -0.005 -16"><span class='ocrx_word' id='word_1_1' title='bbox 550 287 757 346; x_wconf 80' lang='grc'><strong>-43-</strong></span> 
     </span>
    </p>
   </div>
   <div class='ocr_carea' id='block_1_2' title="bbox 10 448 1268 3733">
    <p class='ocr_par' dir='ltr' id='par_1_2' title="bbox 10 448 1268 3733">
     <span class='ocr_line' id='line_1_2' title="bbox 122 448 1181 520; baseline -0.002 -12"><span class='ocrx_word' id='word_1_2' title='bbox 122 453 151 508; x_wconf 91' lang='lat' dir='ltr'><strong>et</strong></span> <span class='ocrx_word' id='word_1_3' title='bbox 176 466 282 520; x_wconf 89' lang='lat' dir='ltr'><strong>cornu,</strong></span> <span class='ocrx_word' id='word_1_4' title='bbox 308 449 472 508; x_wconf 89' lang='lat' dir='ltr'><strong>attendunt</strong></span> <span class='ocrx_word' id='word_1_5' title='bbox 494 453 527 508; x_wconf 92' lang='lat' dir='ltr'><strong>et</strong></span> <span class='ocrx_word' id='word_1_6' title='bbox 551 448 679 508; x_wconf 91' lang='lat' dir='ltr'><strong>anulum</strong></span> <span class='ocrx_word' id='word_1_7' title='bbox 917 451 1020 507; x_wconf 87' lang='lat' dir='ltr'><strong>minus</strong></span> <span class='ocrx_word' id='word_1_8' title='bbox 1045 450 1181 508; x_wconf 83' lang='lat' dir='ltr'><strong>secunda</strong></span> 
     </span>
     <span class='ocr_line' id='line_1_3' title="bbox 29 537 1179 614; baseline 0.005 -23"><span class='ocrx_word' id='word_1_9' title='bbox 29 549 55 591; x_wconf 82' lang='lat' dir='ltr'><strong>ar</strong></span> <span class='ocrx_word' id='word_1_10' title='bbox 69 549 109 592; x_wconf 73' lang='lat' dir='ltr'><strong>aa.</strong></span> <span class='ocrx_word' id='word_1_11' title='bbox 315 538 480 613; x_wconf 86' lang='lat' dir='ltr'><strong>usquead</strong></span> <span class='ocrx_word' id='word_1_12' title='bbox 502 538 612 597; x_wconf 91' lang='lat' dir='ltr'><strong>horam</strong></span> <span class='ocrx_word' id='word_1_13' title='bbox 634 541 756 598; x_wconf 85' lang='lat' dir='ltr'><strong>sextam</strong></span> <span class='ocrx_word' id='word_1_14' title='bbox 778 537 880 598; x_wconf 88' lang='lat' dir='ltr'><strong>omnis</strong></span> <span class='ocrx_word' id='word_1_15' title='bbox 902 540 1036 614; x_wconf 90' lang='lat' dir='ltr'><strong>populus</strong></span> <span class='ocrx_word' id='word_1_16' title='bbox 1060 538 1179 603; x_wconf 82' lang='lat' dir='ltr'><strong>transit.</strong></span> 
     </span>
     <span class='ocr_line' id='line_1_4' title="bbox 29 627 1255 704; baseline 0.002 -24"><span class='ocrx_word' id='word_1_17' title='bbox 29 637 56 681; x_wconf 80' lang='lat' dir='ltr'><strong>aa</strong></span> <span class='ocrx_word' id='word_1_18' title='bbox 69 639 95 682; x_wconf 83' lang='lat' dir='ltr'><strong>c.</strong></span> <span class='ocrx_word' id='word_1_19' title='bbox 122 645 298 703; x_wconf 88' lang='lat' dir='ltr'><strong>perunum</strong></span> <span class='ocrx_word' id='word_1_20' title='bbox 323 628 439 686; x_wconf 89' lang='lat' dir='ltr'><strong>ostium</strong></span> <span class='ocrx_word' id='word_1_21' title='bbox 463 627 593 700; x_wconf 89' lang='lat' dir='ltr'><strong>intrans,</strong></span> <span class='ocrx_word' id='word_1_22' title='bbox 619 645 675 702; x_wconf 90' lang='lat' dir='ltr'><strong>per</strong></span> <span class='ocrx_word' id='word_1_23' title='bbox 698 628 831 687; x_wconf 89' lang='lat' dir='ltr'><strong>alterum</strong></span> <span class='ocrx_word' id='word_1_24' title='bbox 859 627 924 704; x_wconf 85' lang='lat' dir='ltr'><strong>[per</strong></span> <span class='ocrx_word' id='word_1_25' title='bbox 949 627 1091 704; x_wconf 86' lang='lat' dir='ltr'><strong>alterum]</strong></span> <span class='ocrx_word' id='word_1_26' title='bbox 1118 644 1182 703; x_wconf 91' lang='lat' dir='ltr'><strong>per·</strong></span> <span class='ocrx_word' id='word_1_27' title='bbox 1253 675 1255 682; x_wconf 88' lang='grc'><em>,</em></span> 
     </span>
     <span class='ocr_line' id='line_1_5' title="bbox 119 716 1182 794; baseline 0.001 -17"><span class='ocrx_word' id='word_1_28' title='bbox 119 717 237 788; x_wconf 82' lang='lat' dir='ltr'><strong>exiens,</strong></span> <span class='ocrx_word' id='word_1_29' title='bbox 252 717 402 793; x_wconf 86' lang='lat' dir='ltr'><strong>quoniam</strong></span> <span class='ocrx_word' id='word_1_30' title='bbox 414 718 473 776; x_wconf 94' lang='lat' dir='ltr'><strong>hoc</strong></span> <span class='ocrx_word' id='word_1_31' title='bbox 487 719 520 777; x_wconf 93' lang='lat' dir='ltr'><strong>in</strong></span> <span class='ocrx_word' id='word_1_32' title='bbox 533 735 570 777; x_wconf 87' lang='lat' dir='ltr'><strong>eo</strong></span> <span class='ocrx_word' id='word_1_33' title='bbox 584 717 653 777; x_wconf 91' lang='lat' dir='ltr'><strong>loco</strong></span> <span class='ocrx_word' id='word_1_34' title='bbox 667 716 710 789; x_wconf 90' lang='lat' dir='ltr'><strong>fit,</strong></span> <span class='ocrx_word' id='word_1_35' title='bbox 724 717 758 776; x_wconf 87' lang='lat' dir='ltr'><strong>in</strong></span> <span class='ocrx_word' id='word_1_36' title='bbox 772 735 833 794; x_wconf 89' lang='lat' dir='ltr'><strong>quo</strong></span> <span class='ocrx_word' id='word_1_37' title='bbox 846 717 954 793; x_wconf 83' lang='lat' dir='ltr'>pridie,</span> <span class='ocrx_word' id='word_1_38' title='bbox 968 717 1002 776; x_wconf 92' lang='lat' dir='ltr'><strong>id</strong></span> <span class='ocrx_word' id='word_1_39' title='bbox 1013 721 1063 776; x_wconf 91' lang='lat' dir='ltr'><strong>est</strong></span> <span class='ocrx_word' id='word_1_40' title='bbox 1073 717 1182 793; x_wconf 82' lang='lat' dir='ltr'><strong>quinta</strong></span> 
     </span>
     <span class='ocr_line' id='line_1_6' title="bbox 117 805 1181 878; baseline 0 -14"><span class='ocrx_word' id='word_1_41' title='bbox 117 806 207 878; x_wconf 76' lang='lat' dir='ltr'><strong>teria,</strong></span> <span class='ocrx_word' id='word_1_42' title='bbox 224 807 340 866; x_wconf 90' lang='lat' dir='ltr'><strong>oblatio</strong></span> <span class='ocrx_word' id='word_1_43' title='bbox 355 806 438 866; x_wconf 83' lang='lat' dir='ltr'><strong>iacta</strong></span> <span class='ocrx_word' id='word_1_44' title='bbox 451 811 508 866; x_wconf 88' lang='lat' dir='ltr'><strong>est.</strong></span> <span class='ocrx_word' id='word_1_45' title='bbox 533 809 566 872; x_wconf 86' lang='lat'><strong>4.</strong></span> <span class='ocrx_word' id='word_1_46' title='bbox 581 807 621 865; x_wconf 90' lang='lat' dir='ltr'><strong>At</strong></span> <span class='ocrx_word' id='word_1_47' title='bbox 635 805 689 865; x_wconf 90' lang='lat' dir='ltr'><strong>uhi</strong></span> <span class='ocrx_word' id='word_1_48' title='bbox 702 810 809 865; x_wconf 87' lang='lat' dir='ltr'><strong>autem</strong></span> <span class='ocrx_word' id='word_1_49' title='bbox 823 810 913 866; x_wconf 83' lang='lat' dir='ltr'><strong>sexta</strong></span> <span class='ocrx_word' id='word_1_50' title='bbox 926 807 1003 865; x_wconf 92' lang='lat' dir='ltr'><strong>hora</strong></span> <span class='ocrx_word' id='word_1_51' title='bbox 1018 825 1051 866; x_wconf 90' lang='lat' dir='ltr'><strong>se</strong></span> <span class='ocrx_word' id='word_1_52' title='bbox 1065 806 1181 878; x_wconf 82' lang='lat' dir='ltr'><strong>iecerit,</strong></span> 
     </span>
     <span class='ocr_line' id='line_1_7' title="bbox 121 894 1182 973; baseline 0 -19"><span class='ocrx_word' id='word_1_53' title='bbox 121 896 165 955; x_wconf 87' lang='lat' dir='ltr'><strong>sic-</strong></span> <span class='ocrx_word' id='word_1_54' title='bbox 179 896 242 955; x_wconf 92' lang='lat' dir='ltr'><strong>itur</strong></span> <span class='ocrx_word' id='word_1_55' title='bbox 254 900 327 956; x_wconf 85' lang='lat' dir='ltr'><strong>ante</strong></span> <span class='ocrx_word' id='word_1_56' title='bbox 341 894 480 968; x_wconf 83' lang='lat' dir='ltr'><strong>Crucem,</strong></span> <span class='ocrx_word' id='word_1_57' title='bbox 494 895 561 956; x_wconf 85' lang='lat' dir='ltr'><strong>siue</strong></span> <span class='ocrx_word' id='word_1_58' title='bbox 574 895 683 972; x_wconf 91' lang='lat' dir='ltr'><strong>pluuia</strong></span> <span class='ocrx_word' id='word_1_59' title='bbox 695 896 762 956; x_wconf 88' lang='lat' dir='ltr'><strong>siue</strong></span> <span class='ocrx_word' id='word_1_60' title='bbox 774 900 862 957; x_wconf 88' lang='lat' dir='ltr'><strong>estus</strong></span> <span class='ocrx_word' id='word_1_61' title='bbox 873 897 922 967; x_wconf 90' lang='lat' dir='ltr'><strong>sit,</strong></span> <span class='ocrx_word' id='word_1_62' title='bbox 936 897 1009 973; x_wconf 85' lang='lat' dir='ltr'><strong>quia</strong></span> <span class='ocrx_word' id='word_1_63' title='bbox 1018 898 1085 972; x_wconf 84' lang='lat' dir='ltr'><strong>ipse</strong></span> <span class='ocrx_word' id='word_1_64' title='bbox 1095 896 1182 955; x_wconf 88' lang='lat' dir='ltr'><strong>locus</strong></span> 
     </span>
     <span class='ocr_line' id='line_1_8' title="bbox 120 985 1182 1062; baseline -0.002 -17"><span class='ocrx_word' id='word_1_65' title='bbox 120 985 316 1045; x_wconf 89' lang='lat' dir='ltr'><strong>subdiuanus</strong></span> <span class='ocrx_word' id='word_1_66' title='bbox 338 988 394 1057; x_wconf 90' lang='lat' dir='ltr'><strong>est,</strong></span> <span class='ocrx_word' id='word_1_67' title='bbox 416 985 449 1044; x_wconf 94' lang='lat' dir='ltr'><strong>id</strong></span> <span class='ocrx_word' id='word_1_68' title='bbox 470 989 518 1045; x_wconf 88' lang='lat' dir='ltr'><strong>est</strong></span> <span class='ocrx_word' id='word_1_69' title='bbox 539 987 629 1061; x_wconf 85' lang='lat' dir='ltr'><strong>quasi</strong></span> <span class='ocrx_word' id='word_1_70' title='bbox 649 987 765 1045; x_wconf 87' lang='lat' dir='ltr'><strong>atrium</strong></span> <span class='ocrx_word' id='word_1_71' title='bbox 784 985 878 1044; x_wconf 87' lang='lat' dir='ltr'><strong>ualde</strong></span> <span class='ocrx_word' id='word_1_72' title='bbox 899 986 1046 1062; x_wconf 83' lang='lat' dir='ltr'>grandem</span> <span class='ocrx_word' id='word_1_73' title='bbox 1067 989 1098 1045; x_wconf 87' lang='lat' dir='ltr'><strong>et</strong></span> <span class='ocrx_word' id='word_1_74' title='bbox 1119 986 1182 1060; x_wconf 92' lang='lat' dir='ltr'><strong>pul-</strong></span> 
     </span>
     <span class='ocr_line' id='line_1_9' title="bbox 121 1073 1182 1158; baseline 0.001 -25"><span class='ocrx_word' id='word_1_75' title='bbox 121 1075 231 1133; x_wconf 92' lang='lat' dir='ltr'><strong>chrum</strong></span> <span class='ocrx_word' id='word_1_76' title='bbox 258 1075 344 1146; x_wconf 84' lang='lat' dir='ltr'><strong>satis,</strong></span> <span class='ocrx_word' id='word_1_77' title='bbox 373 1075 456 1150; x_wconf 91' lang='lat' dir='ltr'><strong>quod</strong></span> <span class='ocrx_word' id='word_1_78' title='bbox 480 1079 529 1134; x_wconf 87' lang='lat' dir='ltr'><strong>est</strong></span> <span class='ocrx_word' id='word_1_79' title='bbox 555 1076 636 1135; x_wconf 91' lang='lat' dir='ltr'><strong>inter</strong></span> <span class='ocrx_word' id='word_1_80' title='bbox 662 1074 758 1135; x_wconf 86' lang='lat' dir='ltr'><strong>Cruce</strong></span> <span class='ocrx_word' id='word_1_81' title='bbox 784 1079 816 1135; x_wconf 91' lang='lat' dir='ltr'><strong>et</strong></span> <span class='ocrx_word' id='word_1_82' title='bbox 840 1075 1004 1140; x_wconf 72' lang='lat' dir='ltr'><strong>Anastase.</strong></span> <span class='ocrx_word' id='word_1_83' title='bbox 1040 1073 1085 1133; x_wconf 92' lang='lat' dir='ltr'><strong>lbi</strong></span> <span class='ocrx_word' id='word_1_84' title='bbox 1110 1091 1182 1158; x_wconf 78' lang='lat' dir='ltr'><strong>ergo</strong></span> 
     </span>
     <span class='ocr_line' id='line_1_10' title="bbox 119 1163 1183 1240; baseline -0.002 -18"><span class='ocrx_word' id='word_1_85' title='bbox 119 1165 223 1223; x_wconf 91' lang='lat' dir='ltr'><strong>omnis</strong></span> <span class='ocrx_word' id='word_1_86' title='bbox 243 1164 376 1239; x_wconf 87' lang='lat' dir='ltr'><strong>populus</strong></span> <span class='ocrx_word' id='word_1_87' title='bbox 397 1182 431 1224; x_wconf 90' lang='lat' dir='ltr'><strong>se</strong></span> <span class='ocrx_word' id='word_1_88' title='bbox 450 1163 582 1240; x_wconf 84' lang='lat' dir='ltr'><strong>colliget,</strong></span> <span class='ocrx_word' id='word_1_89' title='bbox 603 1165 647 1223; x_wconf 87' lang='lat' dir='ltr'><strong>ita</strong></span> <span class='ocrx_word' id='word_1_90' title='bbox 665 1169 699 1223; x_wconf 89' lang='lat' dir='ltr'><strong>ut</strong></span> <span class='ocrx_word' id='word_1_91' title='bbox 718 1182 775 1223; x_wconf 90' lang='lat' dir='ltr'><strong>nec</strong></span> <span class='ocrx_word' id='word_1_92' title='bbox 794 1163 906 1239; x_wconf 86' lang='lat' dir='ltr'><strong>aperiri</strong></span> <span class='ocrx_word' id='word_1_93' title='bbox 925 1164 1034 1240; x_wconf 87' lang='lat' dir='ltr'><strong>possit.</strong></span> <span class='ocrx_word' id='word_1_94' title='bbox 1063 1166 1095 1227; x_wconf 80' lang='lat'><strong>5.</strong></span> <span class='ocrx_word' id='word_1_95' title='bbox 1116 1163 1183 1240; x_wconf 89' lang='lat' dir='ltr'><strong>Epi·</strong></span> 
     </span>
     <span class='ocr_line' id='line_1_11' title="bbox 118 1252 1182 1328; baseline 0.001 -17"><span class='ocrx_word' id='word_1_96' title='bbox 118 1271 216 1328; x_wconf 91' lang='lat' dir='ltr'><strong>scopo</strong></span> <span class='ocrx_word' id='word_1_97' title='bbox 232 1257 339 1312; x_wconf 89' lang='lat' dir='ltr'><strong>autem</strong></span> <span class='ocrx_word' id='word_1_98' title='bbox 355 1253 503 1312; x_wconf 80' lang='lat' dir='ltr'><strong>cathedra</strong></span> <span class='ocrx_word' id='word_1_99' title='bbox 519 1254 645 1328; x_wconf 91' lang='lat' dir='ltr'><strong>ponitur</strong></span> <span class='ocrx_word' id='word_1_100' title='bbox 660 1256 733 1312; x_wconf 87' lang='lat' dir='ltr'><strong>ante</strong></span> <span class='ocrx_word' id='word_1_101' title='bbox 751 1252 857 1324; x_wconf 87' lang='lat' dir='ltr'><strong>Cruce,</strong></span> <span class='ocrx_word' id='word_1_102' title='bbox 873 1256 906 1312; x_wconf 84' lang='lat' dir='ltr'><strong>ei</strong></span> <span class='ocrx_word' id='word_1_103' title='bbox 922 1253 960 1312; x_wconf 91' lang='lat' dir='ltr'><strong>de</strong></span> <span class='ocrx_word' id='word_1_104' title='bbox 978 1256 1067 1312; x_wconf 81' lang='lat' dir='ltr'><strong>sexta</strong></span> <span class='ocrx_word' id='word_1_105' title='bbox 1083 1271 1182 1328; x_wconf 88' lang='lat' dir='ltr'><strong>usque</strong></span> 
     </span>
     <span class='ocr_line' id='line_1_12' title="bbox 118 1341 1183 1418; baseline 0.001 -18"><span class='ocrx_word' id='word_1_106' title='bbox 118 1342 161 1401; x_wconf 92' lang='lat' dir='ltr'><strong>ad</strong></span> <span class='ocrx_word' id='word_1_107' title='bbox 183 1360 267 1401; x_wconf 91' lang='lat' dir='ltr'><strong>nona</strong></span> <span class='ocrx_word' id='word_1_108' title='bbox 289 1342 375 1401; x_wconf 89' lang='lat' dir='ltr'><strong>aliud</strong></span> <span class='ocrx_word' id='word_1_109' title='bbox 397 1342 493 1402; x_wconf 88' lang='lat' dir='ltr'><strong>nichil</strong></span> <span class='ocrx_word' id='word_1_110' title='bbox 516 1341 551 1400; x_wconf 89' lang='lat' dir='ltr'><strong>fit</strong></span> <span class='ocrx_word' id='word_1_111' title='bbox 572 1341 634 1401; x_wconf 89' lang='lat' dir='ltr'><strong>nisi</strong></span> <span class='ocrx_word' id='word_1_112' title='bbox 657 1342 803 1418; x_wconf 83' lang='lat' dir='ltr'><strong>leguntur</strong></span> <span class='ocrx_word' id='word_1_113' title='bbox 823 1341 973 1401; x_wconf 88' lang='lat' dir='ltr'><strong>lectiones</strong></span> <span class='ocrx_word' id='word_1_114' title='bbox 996 1341 1057 1402; x_wconf 91' lang='lat' dir='ltr'><strong>sic:</strong></span> <span class='ocrx_word' id='word_1_115' title='bbox 1081 1341 1112 1400; x_wconf 95' lang='lat' dir='ltr'><strong>id</strong></span> <span class='ocrx_word' id='word_1_116' title='bbox 1134 1346 1183 1401; x_wconf 87' lang='lat' dir='ltr'><strong>cst</strong></span> 
     </span>
     <span class='ocr_line' id='line_1_13' title="bbox 119 1430 1182 1511; baseline 0 -22"><span class='ocrx_word' id='word_1_117' title='bbox 119 1430 165 1490; x_wconf 85' lang='lat' dir='ltr'><strong>ita</strong></span> <span class='ocrx_word' id='word_1_118' title='bbox 196 1430 307 1506; x_wconf 83' lang='lat' dir='ltr'><strong>legitur</strong></span> <span class='ocrx_word' id='word_1_119' title='bbox 338 1431 473 1506; x_wconf 89' lang='lat' dir='ltr'><strong>primum</strong></span> <span class='ocrx_word' id='word_1_120' title='bbox 505 1432 543 1490; x_wconf 92' lang='lat' dir='ltr'><strong>de</strong></span> <span class='ocrx_word' id='word_1_121' title='bbox 575 1431 715 1511; x_wconf 79' lang='lat' dir='ltr'><strong>psalmia,</strong></span> <span class='ocrx_word' id='word_1_122' title='bbox 748 1431 935 1507; x_wconf 89' lang='lat' dir='ltr'><strong>ubicumque</strong></span> <span class='ocrx_word' id='word_1_123' title='bbox 967 1431 1005 1489; x_wconf 90' lang='lat' dir='ltr'><strong>de</strong></span> <span class='ocrx_word' id='word_1_124' title='bbox 1036 1430 1182 1507; x_wconf 84' lang='lat' dir='ltr'><strong>passione</strong></span> 
     </span>
     <span class='ocr_line' id='line_1_14' title="bbox 118 1519 1182 1596; baseline 0.002 -18"><span class='ocrx_word' id='word_1_125' title='bbox 118 1519 214 1592; x_wconf 82' lang='lat' dir='ltr'><strong>dixit3</strong></span> <span class='ocrx_word' id='word_1_126' title='bbox 238 1521 350 1596; x_wconf 79' lang='lat' dir='ltr'><strong>legitur</strong></span> <span class='ocrx_word' id='word_1_127' title='bbox 372 1520 463 1580; x_wconf 91' lang='lat' dir='ltr'><strong>etde</strong></span> <span class='ocrx_word' id='word_1_128' title='bbox 485 1521 629 1595; x_wconf 91' lang='lat' dir='ltr'><strong>apostolo</strong></span> <span class='ocrx_word' id='word_1_129' title='bbox 652 1521 720 1579; x_wconf 90' lang='lat' dir='ltr'><strong>siue</strong></span> <span class='ocrx_word' id='word_1_130' title='bbox 743 1520 781 1579; x_wconf 91' lang='lat' dir='ltr'><strong>de</strong></span> <span class='ocrx_word' id='word_1_131' title='bbox 804 1519 944 1594; x_wconf 88' lang='lat' dir='ltr'><strong>epistolis</strong></span> <span class='ocrx_word' id='word_1_132' title='bbox 967 1521 1182 1594; x_wconf 88' lang='lat' dir='ltr'><strong>apostolorum</strong></span> 
     </span>
     <span class='ocr_line' id='line_1_15' title="bbox 118 1607 1182 1685; baseline -0.002 -17"><span class='ocrx_word' id='word_1_133' title='bbox 118 1609 171 1668; x_wconf 91' lang='lat' dir='ltr'><strong>uel</strong></span> <span class='ocrx_word' id='word_1_134' title='bbox 190 1609 229 1670; x_wconf 94' lang='lat' dir='ltr'><strong>de</strong></span> <span class='ocrx_word' id='word_1_135' title='bbox 247 1609 432 1680; x_wconf 87' lang='lat' dir='ltr'><strong>actionibus,</strong></span> <span class='ocrx_word' id='word_1_136' title='bbox 451 1608 639 1685; x_wconf 86' lang='lat' dir='ltr'><strong>ubicumque</strong></span> <span class='ocrx_word' id='word_1_137' title='bbox 659 1609 696 1668; x_wconf 90' lang='lat' dir='ltr'><strong>de</strong></span> <span class='ocrx_word' id='word_1_138' title='bbox 715 1609 862 1684; x_wconf 88' lang='lat' dir='ltr'><strong>passione</strong></span> <span class='ocrx_word' id='word_1_139' title='bbox 880 1607 1004 1668; x_wconf 90' lang='lat' dir='ltr'><strong>Domini</strong></span> <span class='ocrx_word' id='word_1_140' title='bbox 1022 1607 1182 1668; x_wconf 84' lang='lat' dir='ltr'><strong>dixerunt:</strong></span> 
     </span>
     <span class='ocr_line' id='line_1_16' title="bbox 118 1697 1183 1774; baseline 0 -18"><span class='ocrx_word' id='word_1_141' title='bbox 118 1715 265 1757; x_wconf 90' lang='lat' dir='ltr'><strong>necnon</strong></span> <span class='ocrx_word' id='word_1_142' title='bbox 290 1705 321 1758; x_wconf 90' lang='lat' dir='ltr'><strong>et</strong></span> <span class='ocrx_word' id='word_1_143' title='bbox 345 1698 383 1757; x_wconf 88' lang='lat' dir='ltr'><strong>de</strong></span> <span class='ocrx_word' id='word_1_144' title='bbox 406 1698 578 1774; x_wconf 83' lang='lat' dir='ltr'><strong>euangeliis</strong></span> <span class='ocrx_word' id='word_1_145' title='bbox 601 1698 745 1774; x_wconf 85' lang='lat' dir='ltr'><strong>leguntur</strong></span> <span class='ocrx_word' id='word_1_146' title='bbox 769 1699 846 1769; x_wconf 91' lang='lat' dir='ltr'><strong>loca,</strong></span> <span class='ocrx_word' id='word_1_147' title='bbox 871 1698 926 1756; x_wconf 92' lang='lat' dir='ltr'><strong>ubi</strong></span> <span class='ocrx_word' id='word_1_148' title='bbox 950 1699 1082 1773; x_wconf 89' lang='lat' dir='ltr'><strong>patitur;</strong></span> <span class='ocrx_word' id='word_1_149' title='bbox 1107 1697 1183 1756; x_wconf 90' lang='lat' dir='ltr'><strong>item</strong></span> 
     </span>
     <span class='ocr_line' id='line_1_17' title="bbox 118 1786 1184 1863; baseline -0.001 -18"><span class='ocrx_word' id='word_1_150' title='bbox 118 1787 232 1863; x_wconf 84' lang='lat' dir='ltr'><strong>legitur</strong></span> <span class='ocrx_word' id='word_1_151' title='bbox 249 1787 287 1846; x_wconf 90' lang='lat' dir='ltr'><strong>de</strong></span> <span class='ocrx_word' id='word_1_152' title='bbox 304 1787 473 1862; x_wconf 79' lang='lat' dir='ltr'><strong>prophetia,</strong></span> <span class='ocrx_word' id='word_1_153' title='bbox 490 1787 546 1847; x_wconf 92' lang='lat' dir='ltr'><strong>uhi</strong></span> <span class='ocrx_word' id='word_1_154' title='bbox 564 1804 731 1862; x_wconf 90' lang='lat' dir='ltr'><strong>passurum</strong></span> <span class='ocrx_word' id='word_1_155' title='bbox 747 1786 915 1846; x_wconf 91' lang='lat' dir='ltr'><strong>Dominum</strong></span> <span class='ocrx_word' id='word_1_156' title='bbox 932 1787 1091 1858; x_wconf 72' lang='lat' dir='ltr'><strong>dissuant,</strong></span> <span class='ocrx_word' id='word_1_157' title='bbox 1109 1786 1184 1845; x_wconf 86' lang='lat' dir='ltr'><strong>item</strong></span> 
     </span>
     <span class='ocr_line' id='line_1_18' title="bbox 118 1875 1184 1952; baseline 0 -18"><span class='ocrx_word' id='word_1_158' title='bbox 118 1877 233 1952; x_wconf 85' lang='lat' dir='ltr'><strong>legitur</strong></span> <span class='ocrx_word' id='word_1_159' title='bbox 259 1876 297 1936; x_wconf 91' lang='lat' dir='ltr'><strong>de</strong></span> <span class='ocrx_word' id='word_1_160' title='bbox 324 1875 504 1952; x_wconf 85' lang='lat' dir='ltr'><strong>euangeliis,</strong></span> <span class='ocrx_word' id='word_1_161' title='bbox 532 1876 587 1934; x_wconf 93' lang='lat' dir='ltr'><strong>uhi</strong></span> <span class='ocrx_word' id='word_1_162' title='bbox 614 1875 794 1952; x_wconf 89' lang='lat' dir='ltr'><strong>passionem</strong></span> <span class='ocrx_word' id='word_1_163' title='bbox 820 1875 903 1934; x_wconf 89' lang='lat' dir='ltr'><strong>dicit.</strong></span> <span class='ocrx_word' id='word_1_164' title='bbox 940 1877 973 1938; x_wconf 81' lang='grc'><strong>6.</strong></span> <span class='ocrx_word' id='word_1_165' title='bbox 1001 1876 1044 1934; x_wconf 86' lang='lat' dir='ltr'><strong>Ac</strong></span> <span class='ocrx_word' id='word_1_166' title='bbox 1072 1875 1116 1934; x_wconf 89' lang='lat' dir='ltr'><strong>sic</strong></span> <span class='ocrx_word' id='word_1_167' title='bbox 1143 1875 1184 1934; x_wconf 83' lang='lat' dir='ltr'><strong>ab</strong></span> 
     </span>
     <span class='ocr_line' id='line_1_19' title="bbox 119 1965 1184 2041; baseline 0 -19"><span class='ocrx_word' id='word_1_168' title='bbox 119 1965 198 2023; x_wconf 91' lang='lat' dir='ltr'><strong>hora</strong></span> <span class='ocrx_word' id='word_1_169' title='bbox 226 1969 316 2024; x_wconf 83' lang='lat' dir='ltr'><strong>sexta</strong></span> <span class='ocrx_word' id='word_1_170' title='bbox 341 1982 443 2040; x_wconf 84' lang='lat' dir='ltr'><strong>usque</strong></span> <span class='ocrx_word' id='word_1_171' title='bbox 469 1965 511 2023; x_wconf 91' lang='lat' dir='ltr'><strong>ad</strong></span> <span class='ocrx_word' id='word_1_172' title='bbox 538 1965 648 2024; x_wconf 91' lang='lat' dir='ltr'><strong>horam</strong></span> <span class='ocrx_word' id='word_1_173' title='bbox 674 1983 790 2024; x_wconf 87' lang='lat' dir='ltr'><strong>nonam</strong></span> <span class='ocrx_word' id='word_1_174' title='bbox 818 1981 940 2041; x_wconf 86' lang='lat' dir='ltr'><strong>semper</strong></span> <span class='ocrx_word' id='word_1_175' title='bbox 967 1966 1013 2024; x_wconf 90' lang='lat' dir='ltr'><strong>sic</strong></span> <span class='ocrx_word' id='word_1_176' title='bbox 1039 1965 1184 2040; x_wconf 85' lang='lat' dir='ltr'><strong>leguntur</strong></span> 
     </span>
     <span class='ocr_line' id='line_1_20' title="bbox 117 2053 1182 2130; baseline 0 -18"><span class='ocrx_word' id='word_1_177' title='bbox 117 2054 270 2114; x_wconf 85' lang='lat' dir='ltr'><strong>lectiones</strong></span> <span class='ocrx_word' id='word_1_178' title='bbox 296 2057 353 2112; x_wconf 91' lang='lat' dir='ltr'><strong>aut</strong></span> <span class='ocrx_word' id='word_1_179' title='bbox 379 2054 524 2113; x_wconf 86' lang='lat' dir='ltr'><strong>dicuntur</strong></span> <span class='ocrx_word' id='word_1_180' title='bbox 550 2054 646 2130; x_wconf 82' lang='lat' dir='ltr'><strong>ymni,</strong></span> <span class='ocrx_word' id='word_1_181' title='bbox 673 2058 709 2113; x_wconf 87' lang='lat' dir='ltr'><strong>ut</strong></span> <span class='ocrx_word' id='word_1_182' title='bbox 734 2054 918 2114; x_wconf 77' lang='lat' dir='ltr'><strong>ostendatur</strong></span> <span class='ocrx_word' id='word_1_183' title='bbox 943 2053 1029 2113; x_wconf 91' lang='lat' dir='ltr'><strong>omni</strong></span> <span class='ocrx_word' id='word_1_184' title='bbox 1056 2053 1182 2129; x_wconf 69' lang='lat' dir='ltr'><strong>populo</strong></span> 
     </span>
     <span class='ocr_line' id='line_1_21' title="bbox 105 2141 1183 2219; baseline -0.002 -17"><span class='ocrx_word' id='word_1_185' title='bbox 105 2143 194 2218; x_wconf 79' lang='lat' dir='ltr'><strong>‹quia</strong></span> <span class='ocrx_word' id='word_1_186' title='bbox 215 2143 362 2218; x_wconf 92' lang='lat' dir='ltr'><strong>quicquid</strong></span> <span class='ocrx_word' id='word_1_187' title='bbox 384 2143 529 2203; x_wconf 87' lang='lat' dir='ltr'><strong>dixerunt</strong></span> <span class='ocrx_word' id='word_1_188' title='bbox 550 2143 719 2219; x_wconf 85' lang='lat' dir='ltr'><strong>prophetae</strong></span> <span class='ocrx_word' id='word_1_189' title='bbox 739 2143 879 2202; x_wconf 81' lang='lat' dir='ltr'><strong>futurum</strong></span> <span class='ocrx_word' id='word_1_190' title='bbox 900 2144 938 2201; x_wconf 92' lang='lat' dir='ltr'><strong>de</strong></span> <span class='ocrx_word' id='word_1_191' title='bbox 958 2141 1106 2218; x_wconf 87' lang='lat' dir='ltr'><strong>passione</strong></span> <span class='ocrx_word' id='word_1_192' title='bbox 1127 2143 1183 2200; x_wconf 91' lang='lat' dir='ltr'><strong>Do-</strong></span> 
     </span>
     <span class='ocr_line' id='line_1_22' title="bbox 118 2231 1268 2308; baseline 0 -18"><span class='ocrx_word' id='word_1_193' title='bbox 118 2231 205 2303; x_wconf 92' lang='lat' dir='ltr'><strong>mini,</strong></span> <span class='ocrx_word' id='word_1_194' title='bbox 224 2231 408 2291; x_wconf 91' lang='lat' dir='ltr'><strong>ostendatur</strong></span> <span class='ocrx_word' id='word_1_195' title='bbox 427 2236 491 2291; x_wconf 82' lang='lat' dir='ltr'><strong>iam</strong></span> <span class='ocrx_word' id='word_1_196' title='bbox 509 2249 565 2308; x_wconf 91' lang='lat' dir='ltr'><strong>per</strong></span> <span class='ocrx_word' id='word_1_197' title='bbox 583 2232 745 2308; x_wconf 85' lang='lat' dir='ltr'><strong>euangelia</strong></span> <span class='ocrx_word' id='word_1_198' title='bbox 763 2249 857 2307; x_wconf 89' lang='lat' dir='ltr'><strong>quam</strong></span> <span class='ocrx_word' id='word_1_199' title='bbox 875 2232 970 2291; x_wconf 88' lang='lat' dir='ltr'><strong>etiam</strong></span> <span class='ocrx_word' id='word_1_200' title='bbox 988 2249 1043 2307; x_wconf 90' lang='lat' dir='ltr'><strong>per</strong></span> <span class='ocrx_word' id='word_1_201' title='bbox 1062 2235 1183 2306; x_wconf 87' lang='lat' dir='ltr'><strong>aposto·</strong></span> <span class='ocrx_word' id='word_1_202' title='bbox 1265 2292 1268 2301; x_wconf 76' lang='grc'>,</span> 
     </span>
     <span class='ocr_line' id='line_1_23' title="bbox 118 2321 1181 2396; baseline 0 -18"><span class='ocrx_word' id='word_1_203' title='bbox 118 2321 221 2379; x_wconf 88' lang='lat' dir='ltr'><strong>lorum</strong></span> <span class='ocrx_word' id='word_1_204' title='bbox 247 2321 416 2396; x_wconf 86' lang='lat' dir='ltr'><strong>scripturas</strong></span> <span class='ocrx_word' id='word_1_205' title='bbox 441 2321 559 2380; x_wconf 86' lang='lat' dir='ltr'><strong>iactum</strong></span> <span class='ocrx_word' id='word_1_206' title='bbox 584 2340 662 2381; x_wconf 86' lang='lat' dir='ltr'><strong>esse.</strong></span> <span class='ocrx_word' id='word_1_207' title='bbox 696 2321 735 2380; x_wconf 85' lang='lat' dir='ltr'><strong>Et</strong></span> <span class='ocrx_word' id='word_1_208' title='bbox 759 2321 803 2380; x_wconf 91' lang='lat' dir='ltr'><strong>sic</strong></span> <span class='ocrx_word' id='word_1_209' title='bbox 827 2339 881 2395; x_wconf 87' lang='lat' dir='ltr'><strong>per</strong></span> <span class='ocrx_word' id='word_1_210' title='bbox 905 2321 976 2381; x_wconf 86' lang='lat' dir='ltr'><strong>illas</strong></span> <span class='ocrx_word' id='word_1_211' title='bbox 1002 2325 1063 2380; x_wconf 83' lang='lat' dir='ltr'><strong>tres</strong></span> <span class='ocrx_word' id='word_1_212' title='bbox 1088 2321 1181 2379; x_wconf 90' lang='lat' dir='ltr'><strong>horas</strong></span> 
     </span>
     <span class='ocr_line' id='line_1_24' title="bbox 118 2409 1182 2486; baseline -0.001 -18"><span class='ocrx_word' id='word_1_213' title='bbox 118 2409 249 2468; x_wconf 86' lang='lat' dir='ltr'><strong>docetur</strong></span> <span class='ocrx_word' id='word_1_214' title='bbox 269 2410 404 2486; x_wconf 87' lang='lat' dir='ltr'><strong>populus</strong></span> <span class='ocrx_word' id='word_1_215' title='bbox 425 2410 529 2470; x_wconf 90' lang='lat' dir='ltr'><strong>omnis</strong></span> <span class='ocrx_word' id='word_1_216' title='bbox 550 2410 646 2470; x_wconf 91' lang='lat' dir='ltr'><strong>nichil</strong></span> <span class='ocrx_word' id='word_1_217' title='bbox 667 2409 784 2468; x_wconf 82' lang='lat' dir='ltr'><strong>iactum</strong></span> <span class='ocrx_word' id='word_1_218' title='bbox 805 2428 884 2481; x_wconf 86' lang='lat' dir='ltr'><strong>esse,</strong></span> <span class='ocrx_word' id='word_1_219' title='bbox 907 2410 990 2485; x_wconf 89' lang='lat' dir='ltr'><strong>quod</strong></span> <span class='ocrx_word' id='word_1_220' title='bbox 1011 2427 1074 2468; x_wconf 93' lang='lat' dir='ltr'><strong>non</strong></span> <span class='ocrx_word' id='word_1_221' title='bbox 1095 2409 1182 2484; x_wconf 91' lang='lat' dir='ltr'><strong>prius</strong></span> 
     </span>
     <span class='ocr_line' id='line_1_25' title="bbox 117 2498 1181 2575; baseline -0.001 -18"><span class='ocrx_word' id='word_1_222' title='bbox 117 2499 238 2557; x_wconf 91' lang='lat' dir='ltr'><strong>dictum</strong></span> <span class='ocrx_word' id='word_1_223' title='bbox 261 2498 310 2570; x_wconf 92' lang='lat' dir='ltr'><strong>sit,</strong></span> <span class='ocrx_word' id='word_1_224' title='bbox 334 2503 366 2558; x_wconf 91' lang='lat' dir='ltr'><strong>et</strong></span> <span class='ocrx_word' id='word_1_225' title='bbox 387 2499 483 2558; x_wconf 90' lang='lat' dir='ltr'><strong>nichil</strong></span> <span class='ocrx_word' id='word_1_226' title='bbox 506 2498 622 2558; x_wconf 90' lang='lat' dir='ltr'><strong>dictum</strong></span> <span class='ocrx_word' id='word_1_227' title='bbox 645 2499 763 2575; x_wconf 73' lang='lat' dir='ltr'><strong>esseffl,</strong></span> <span class='ocrx_word' id='word_1_228' title='bbox 788 2499 871 2574; x_wconf 89' lang='lat' dir='ltr'><strong>quod</strong></span> <span class='ocrx_word' id='word_1_229' title='bbox 893 2517 957 2558; x_wconf 90' lang='lat' dir='ltr'><strong>non</strong></span> <span class='ocrx_word' id='word_1_230' title='bbox 980 2502 1079 2557; x_wconf 89' lang='lat' dir='ltr'><strong>totum</strong></span> <span class='ocrx_word' id='word_1_231' title='bbox 1102 2516 1181 2557; x_wconf 91' lang='lat' dir='ltr'><strong>com-</strong></span> 
     </span>
     <span class='ocr_line' id='line_1_26' title="bbox 116 2586 1226 2663; baseline -0.003 -18"><span class='ocrx_word' id='word_1_232' title='bbox 116 2588 237 2663; x_wconf 89' lang='lat' dir='ltr'><strong>pletum</strong></span> <span class='ocrx_word' id='word_1_233' title='bbox 261 2586 310 2647; x_wconf 91' lang='lat' dir='ltr'><strong>sit.</strong></span> <span class='ocrx_word' id='word_1_234' title='bbox 338 2587 342 2663; x_wconf 80' lang='lat' dir='ltr'><strong>l</strong></span> <span class='ocrx_word' id='word_1_235' title='bbox 370 2587 498 2663; x_wconf 89' lang='lat' dir='ltr'><strong>Semper</strong></span> <span class='ocrx_word' id='word_1_236' title='bbox 521 2594 626 2647; x_wconf 87' lang='lat' dir='ltr'><strong>autern</strong></span> <span class='ocrx_word' id='word_1_237' title='bbox 649 2588 888 2663; x_wconf 90' lang='lat' dir='ltr'><strong>interponuntur</strong></span> <span class='ocrx_word' id='word_1_238' title='bbox 910 2589 1077 2658; x_wconf 67' lang='lat' dir='ltr'><strong>orationes</strong></span> <span class='ocrx_word' id='word_1_239' title='bbox 1102 2604 1182 2663; x_wconf 89' lang='lat' dir='ltr'><strong>quae</strong></span> <span class='ocrx_word' id='word_1_240' title='bbox 1197 2597 1226 2642; x_wconf 80' lang='lat' dir='ltr'><strong>ca</strong></span> 
     </span>
     <span class='ocr_line' id='line_1_27' title="bbox 115 2676 1181 2753; baseline -0.001 -16"><span class='ocrx_word' id='word_1_241' title='bbox 115 2678 277 2737; x_wconf 85' lang='lat' dir='ltr'><strong>orationes</strong></span> <span class='ocrx_word' id='word_1_242' title='bbox 303 2680 335 2736; x_wconf 88' lang='lat' dir='ltr'><strong>et</strong></span> <span class='ocrx_word' id='word_1_243' title='bbox 359 2676 446 2752; x_wconf 88' lang='lat' dir='ltr'><strong>ipsae</strong></span> <span class='ocrx_word' id='word_1_244' title='bbox 473 2681 544 2752; x_wconf 87' lang='lat' dir='ltr'><strong>apte</strong></span> <span class='ocrx_word' id='word_1_245' title='bbox 571 2677 632 2736; x_wconf 93' lang='lat' dir='ltr'><strong>diei</strong></span> <span class='ocrx_word' id='word_1_246' title='bbox 659 2681 740 2737; x_wconf 88' lang='lat' dir='ltr'><strong>sunt.</strong></span> <span class='ocrx_word' id='word_1_247' title='bbox 777 2679 810 2739; x_wconf 77' lang='lat'><strong>7.</strong></span> <span class='ocrx_word' id='word_1_248' title='bbox 837 2677 884 2736; x_wconf 86' lang='lat' dir='ltr'><strong>Ad</strong></span> <span class='ocrx_word' id='word_1_249' title='bbox 911 2677 1049 2753; x_wconf 85' lang='lat' dir='ltr'><strong>singulas</strong></span> <span class='ocrx_word' id='word_1_250' title='bbox 1074 2680 1181 2736; x_wconf 83' lang='lat' dir='ltr'><strong>autem</strong></span> 
     </span>
     <span class='ocr_line' id='line_1_28' title="bbox 115 2765 1180 2842; baseline -0.001 -18"><span class='ocrx_word' id='word_1_251' title='bbox 115 2766 269 2826; x_wconf 87' lang='lat' dir='ltr'><strong>lectiones</strong></span> <span class='ocrx_word' id='word_1_252' title='bbox 284 2768 316 2824; x_wconf 86' lang='lat' dir='ltr'><strong>et</strong></span> <span class='ocrx_word' id='word_1_253' title='bbox 328 2766 487 2825; x_wconf 89' lang='lat' dir='ltr'><strong>orationes</strong></span> <span class='ocrx_word' id='word_1_254' title='bbox 504 2770 608 2826; x_wconf 83' lang='lat' dir='ltr'><strong>tantus</strong></span> <span class='ocrx_word' id='word_1_255' title='bbox 623 2766 753 2826; x_wconf 83' lang='lat' dir='ltr'><strong>affectus</strong></span> <span class='ocrx_word' id='word_1_256' title='bbox 769 2769 800 2826; x_wconf 88' lang='lat' dir='ltr'><strong>et</strong></span> <span class='ocrx_word' id='word_1_257' title='bbox 814 2768 947 2842; x_wconf 89' lang='lat' dir='ltr'><strong>gemitus</strong></span> <span class='ocrx_word' id='word_1_258' title='bbox 963 2767 1059 2825; x_wconf 88' lang='lat' dir='ltr'><strong>totius</strong></span> <span class='ocrx_word' id='word_1_259' title='bbox 1073 2765 1180 2842; x_wconf 90' lang='lat' dir='ltr'><strong>populi</strong></span> 
     </span>
     <span class='ocr_line' id='line_1_29' title="bbox 118 2855 1182 2930; baseline 0 -16"><span class='ocrx_word' id='word_1_260' title='bbox 118 2859 175 2926; x_wconf 84' lang='lat' dir='ltr'><strong>est,</strong></span> <span class='ocrx_word' id='word_1_261' title='bbox 206 2858 243 2913; x_wconf 86' lang='lat' dir='ltr'><strong>ut</strong></span> <span class='ocrx_word' id='word_1_262' title='bbox 273 2855 385 2914; x_wconf 85' lang='lat' dir='ltr'><strong>mirum</strong></span> <span class='ocrx_word' id='word_1_263' title='bbox 416 2855 457 2916; x_wconf 88' lang='lat' dir='ltr'><strong>sit</strong></span> <span class='ocrx_word' id='word_1_264' title='bbox 465 2876 472 2926; x_wconf 92' lang='lat'>;</span> <span class='ocrx_word' id='word_1_265' title='bbox 504 2873 577 2914; x_wconf 93' lang='lat' dir='ltr'><strong>nam</strong></span> <span class='ocrx_word' id='word_1_266' title='bbox 605 2855 711 2914; x_wconf 88' lang='lat' dir='ltr'><strong>nullus</strong></span> <span class='ocrx_word' id='word_1_267' title='bbox 742 2859 789 2915; x_wconf 88' lang='lat' dir='ltr'><strong>est</strong></span> <span class='ocrx_word' id='word_1_268' title='bbox 818 2872 920 2930; x_wconf 91' lang='lat' dir='ltr'><strong>neque</strong></span> <span class='ocrx_word' id='word_1_269' title='bbox 950 2857 1050 2914; x_wconf 91' lang='lat' dir='ltr'><strong>maior</strong></span> <span class='ocrx_word' id='word_1_270' title='bbox 1079 2872 1182 2930; x_wconf 87' lang='lat' dir='ltr'><strong>neque</strong></span> 
     </span>
     <span class='ocr_line' id='line_1_30' title="bbox 118 2943 1179 3019; baseline 0 -16"><span class='ocrx_word' id='word_1_271' title='bbox 118 2943 229 3015; x_wconf 90' lang='lat' dir='ltr'><strong>minor,</strong></span> <span class='ocrx_word' id='word_1_272' title='bbox 259 2943 311 3019; x_wconf 93' lang='lat' dir='ltr'><strong>qui</strong></span> <span class='ocrx_word' id='word_1_273' title='bbox 339 2962 403 3003; x_wconf 92' lang='lat' dir='ltr'><strong>non</strong></span> <span class='ocrx_word' id='word_1_274' title='bbox 430 2943 486 3003; x_wconf 91' lang='lat' dir='ltr'><strong>illa</strong></span> <span class='ocrx_word' id='word_1_275' title='bbox 513 2944 563 3003; x_wconf 92' lang='lat' dir='ltr'><strong>die</strong></span> <span class='ocrx_word' id='word_1_276' title='bbox 590 2944 652 3004; x_wconf 90' lang='lat' dir='ltr'><strong>illis</strong></span> <span class='ocrx_word' id='word_1_277' title='bbox 680 2944 779 3004; x_wconf 90' lang='lat' dir='ltr'><strong>tribus</strong></span> <span class='ocrx_word' id='word_1_278' title='bbox 808 2944 893 3003; x_wconf 90' lang='lat' dir='ltr'><strong>horis</strong></span> <span class='ocrx_word' id='word_1_279' title='bbox 921 2948 1043 3004; x_wconf 82' lang='lat' dir='ltr'><strong>tantum</strong></span> <span class='ocrx_word' id='word_1_280' title='bbox 1070 2943 1179 3019; x_wconf 87' lang='lat' dir='ltr'><strong>ploret,</strong></span> 
     </span>
     <span class='ocr_line' id='line_1_31' title="bbox 117 3033 1181 3109; baseline -0.001 -18"><span class='ocrx_word' id='word_1_281' title='bbox 117 3036 271 3108; x_wconf 87' lang='lat' dir='ltr'><strong>quantum</strong></span> <span class='ocrx_word' id='word_1_282' title='bbox 285 3050 342 3092; x_wconf 91' lang='lat' dir='ltr'><strong>nec</strong></span> <span class='ocrx_word' id='word_1_283' title='bbox 358 3033 500 3092; x_wconf 82' lang='lat' dir='ltr'><strong>extimari</strong></span> <span class='ocrx_word' id='word_1_284' title='bbox 515 3037 626 3108; x_wconf 88' lang='lat' dir='ltr'><strong>potest,</strong></span> <span class='ocrx_word' id='word_1_285' title='bbox 643 3033 810 3092; x_wconf 90' lang='lat' dir='ltr'><strong>Dominum</strong></span> <span class='ocrx_word' id='word_1_286' title='bbox 824 3051 879 3108; x_wconf 91' lang='lat' dir='ltr'><strong>pro</strong></span> <span class='ocrx_word' id='word_1_287' title='bbox 894 3033 986 3092; x_wconf 88' lang='lat' dir='ltr'><strong>nobis</strong></span> <span class='ocrx_word' id='word_1_288' title='bbox 1000 3050 1039 3091; x_wconf 90' lang='lat' dir='ltr'><strong>ea</strong></span> <span class='ocrx_word' id='word_1_289' title='bbox 1052 3050 1181 3109; x_wconf 88' lang='lat' dir='ltr'><strong>passum</strong></span> 
     </span>
     <span class='ocr_line' id='line_1_32' title="bbox 117 3121 1180 3197; baseline 0.001 -17"><span class='ocrx_word' id='word_1_290' title='bbox 117 3121 228 3182; x_wconf 85' lang='lat' dir='ltr'><strong>fuisse.</strong></span> <span class='ocrx_word' id='word_1_291' title='bbox 271 3121 345 3180; x_wconf 89' lang='lat' dir='ltr'><strong>Post</strong></span> <span class='ocrx_word' id='word_1_292' title='bbox 370 3121 429 3180; x_wconf 94' lang='lat' dir='ltr'><strong>hoc</strong></span> <span class='ocrx_word' id='word_1_293' title='bbox 454 3140 525 3181; x_wconf 93' lang='lat' dir='ltr'><strong>cum</strong></span> <span class='ocrx_word' id='word_1_294' title='bbox 550 3121 686 3197; x_wconf 89' lang='lat' dir='ltr'><strong>coeperit</strong></span> <span class='ocrx_word' id='word_1_295' title='bbox 711 3139 744 3181; x_wconf 88' lang='lat' dir='ltr'><strong>se</strong></span> <span class='ocrx_word' id='word_1_296' title='bbox 770 3123 832 3181; x_wconf 92' lang='lat' dir='ltr'><strong>iam</strong></span> <span class='ocrx_word' id='word_1_297' title='bbox 858 3123 936 3181; x_wconf 91' lang='lat' dir='ltr'><strong>hora</strong></span> <span class='ocrx_word' id='word_1_298' title='bbox 960 3138 1044 3180; x_wconf 91' lang='lat' dir='ltr'><strong>nona</strong></span> <span class='ocrx_word' id='word_1_299' title='bbox 1068 3121 1180 3193; x_wconf 86' lang='lat' dir='ltr'><strong>iacere,</strong></span> 
     </span>
     <span class='ocr_line' id='line_1_33' title="bbox 118 3210 1180 3288; baseline 0 -20"><span class='ocrx_word' id='word_1_300' title='bbox 118 3211 231 3287; x_wconf 85' lang='lat' dir='ltr'><strong>legitur</strong></span> <span class='ocrx_word' id='word_1_301' title='bbox 260 3210 323 3268; x_wconf 87' lang='lat' dir='ltr'><strong>iam</strong></span> <span class='ocrx_word' id='word_1_302' title='bbox 354 3211 407 3270; x_wconf 90' lang='lat' dir='ltr'><strong>ille</strong></span> <span class='ocrx_word' id='word_1_303' title='bbox 436 3211 525 3269; x_wconf 88' lang='lat' dir='ltr'><strong>locus</strong></span> <span class='ocrx_word' id='word_1_304' title='bbox 556 3211 594 3270; x_wconf 93' lang='lat' dir='ltr'><strong>de</strong></span> <span class='ocrx_word' id='word_1_305' title='bbox 623 3212 785 3288; x_wconf 87' lang='lat' dir='ltr'><strong>euangelio</strong></span> <span class='ocrx_word' id='word_1_306' title='bbox 816 3215 886 3270; x_wconf 87' lang='lat' dir='ltr'><strong>cata</strong></span> <span class='ocrx_word' id='word_1_307' title='bbox 916 3211 1095 3282; x_wconf 88' lang='lat' dir='ltr'><strong>Iohannem,</strong></span> <span class='ocrx_word' id='word_1_308' title='bbox 1126 3210 1180 3270; x_wconf 93' lang='lat' dir='ltr'><strong>ubi</strong></span> 
     </span>
     <span class='ocr_line' id='line_1_34' title="bbox 116 3299 1180 3375; baseline 0 -18"><span class='ocrx_word' id='word_1_309' title='bbox 116 3299 252 3359; x_wconf 88' lang='lat' dir='ltr'><strong>reddidit</strong></span> <span class='ocrx_word' id='word_1_310' title='bbox 272 3299 432 3375; x_wconf 86' lang='lat' dir='ltr'><strong>spiritum;</strong></span> <span class='ocrx_word' id='word_1_311' title='bbox 455 3316 517 3375; x_wconf 90' lang='lat' dir='ltr'><strong>quo</strong></span> <span class='ocrx_word' id='word_1_312' title='bbox 537 3300 618 3360; x_wconf 89' lang='lat' dir='ltr'><strong>lecto</strong></span> <span class='ocrx_word' id='word_1_313' title='bbox 638 3300 701 3358; x_wconf 90' lang='lat' dir='ltr'><strong>iam</strong></span> <span class='ocrx_word' id='word_1_314' title='bbox 721 3299 757 3360; x_wconf 89' lang='lat' dir='ltr'><strong>fit</strong></span> <span class='ocrx_word' id='word_1_315' title='bbox 776 3299 876 3359; x_wconf 92' lang='lat' dir='ltr'><strong>oratio</strong></span> <span class='ocrx_word' id='word_1_316' title='bbox 898 3303 929 3359; x_wconf 85' lang='lat' dir='ltr'><strong>et</strong></span> <span class='ocrx_word' id='word_1_317' title='bbox 949 3300 1055 3363; x_wconf 88' lang='lat' dir='ltr'><strong>missa.</strong></span> <span class='ocrx_word' id='word_1_318' title='bbox 1085 3300 1119 3363; x_wconf 81' lang='grc'><strong>8.</strong></span> <span class='ocrx_word' id='word_1_319' title='bbox 1140 3300 1180 3358; x_wconf 85' lang='lat' dir='ltr'><strong>At</strong></span> 
     </span>
     <span class='ocr_line' id='line_1_35' title="bbox 11 3387 1181 3461; baseline 0.003 -17"><span class='ocrx_word' id='word_1_320' title='bbox 11 3400 40 3444; x_wconf 83' lang='lat' dir='ltr'><strong>oo</strong></span> <span class='ocrx_word' id='word_1_321' title='bbox 55 3401 86 3445; x_wconf 80' lang='lat' dir='ltr'><strong>c.</strong></span> <span class='ocrx_word' id='word_1_322' title='bbox 119 3388 169 3447; x_wconf 93' lang='lat' dir='ltr'><strong>ubi</strong></span> <span class='ocrx_word' id='word_1_323' title='bbox 187 3392 294 3447; x_wconf 90' lang='lat' dir='ltr'><strong>autem</strong></span> <span class='ocrx_word' id='word_1_324' title='bbox 310 3388 408 3448; x_wconf 87' lang='lat' dir='ltr'><strong>missa</strong></span> <span class='ocrx_word' id='word_1_325' title='bbox 423 3389 506 3447; x_wconf 86' lang='lat' dir='ltr'><strong>facta</strong></span> <span class='ocrx_word' id='word_1_326' title='bbox 522 3389 616 3448; x_wconf 82' lang='lat' dir='ltr'><strong>tuerit</strong></span> <span class='ocrx_word' id='word_1_327' title='bbox 632 3389 671 3448; x_wconf 93' lang='lat' dir='ltr'><strong>de</strong></span> <span class='ocrx_word' id='word_1_328' title='bbox 686 3394 759 3449; x_wconf 89' lang='lat' dir='ltr'><strong>ante</strong></span> <span class='ocrx_word' id='word_1_329' title='bbox 777 3389 882 3461; x_wconf 79' lang='lat' dir='ltr'><strong>Gracc,</strong></span> <span class='ocrx_word' id='word_1_330' title='bbox 900 3391 1007 3449; x_wconf 88' lang='lat' dir='ltr'><strong>statim</strong></span> <span class='ocrx_word' id='word_1_331' title='bbox 1023 3407 1131 3448; x_wconf 91' lang='lat' dir='ltr'><strong>omnes</strong></span> <span class='ocrx_word' id='word_1_332' title='bbox 1147 3387 1181 3448; x_wconf 93' lang='lat' dir='ltr'><strong>in</strong></span> 
     </span>
     <span class='ocr_line' id='line_1_36' title="bbox 116 3477 1255 3555; baseline -0.001 -18"><span class='ocrx_word' id='word_1_333' title='bbox 116 3477 251 3537; x_wconf 88' lang='lat' dir='ltr'><strong>ecclesia</strong></span> <span class='ocrx_word' id='word_1_334' title='bbox 280 3477 397 3538; x_wconf 90' lang='lat' dir='ltr'><strong>maiore</strong></span> <span class='ocrx_word' id='word_1_335' title='bbox 427 3478 468 3536; x_wconf 90' lang='lat' dir='ltr'><strong>ad</strong></span> <span class='ocrx_word' id='word_1_336' title='bbox 498 3477 681 3553; x_wconf 82' lang='lat' dir='ltr'><strong>Martyrium</strong></span> <span class='ocrx_word' id='word_1_337' title='bbox 711 3479 880 3554; x_wconf 76' lang='lat' dir='ltr'><strong>procedant</strong></span> <span class='ocrx_word' id='word_1_338' title='bbox 910 3483 938 3538; x_wconf 85' lang='lat' dir='ltr'><strong>at</strong></span> <span class='ocrx_word' id='word_1_339' title='bbox 968 3481 1102 3555; x_wconf 87' lang='lat' dir='ltr'><strong>aguntur</strong></span> <span class='ocrx_word' id='word_1_340' title='bbox 1131 3495 1178 3549; x_wconf 87' lang='lat' dir='ltr'><strong>ea,</strong></span> <span class='ocrx_word' id='word_1_341' title='bbox 1253 3537 1255 3542; x_wconf 81' lang='grc'><strong>,</strong></span> 
     </span>
     <span class='ocr_line' id='line_1_37' title="bbox 10 3566 1179 3643; baseline 0.003 -21"><span class='ocrx_word' id='word_1_342' title='bbox 10 3577 39 3622; x_wconf 85' lang='lat' dir='ltr'><strong>oa</strong></span> <span class='ocrx_word' id='word_1_343' title='bbox 54 3579 104 3622; x_wconf 79' lang='lat' dir='ltr'><strong>ea.</strong></span> <span class='ocrx_word' id='word_1_344' title='bbox 117 3584 199 3642; x_wconf 89' lang='lat' dir='ltr'><strong>quae</strong></span> <span class='ocrx_word' id='word_1_345' title='bbox 220 3584 276 3642; x_wconf 89' lang='lat' dir='ltr'><strong>per</strong></span> <span class='ocrx_word' id='word_1_346' title='bbox 294 3567 365 3642; x_wconf 89' lang='lat' dir='ltr'><strong>ipsa</strong></span> <span class='ocrx_word' id='word_1_347' title='bbox 386 3566 561 3642; x_wconf 86' lang='lat' dir='ltr'><strong>septimana</strong></span> <span class='ocrx_word' id='word_1_348' title='bbox 582 3567 619 3625; x_wconf 89' lang='lat' dir='ltr'><strong>de</strong></span> <span class='ocrx_word' id='word_1_349' title='bbox 640 3568 719 3626; x_wconf 91' lang='lat' dir='ltr'><strong>hora</strong></span> <span class='ocrx_word' id='word_1_350' title='bbox 738 3584 831 3639; x_wconf 93' lang='lat' dir='ltr'><strong>nona,</strong></span> <span class='ocrx_word' id='word_1_351' title='bbox 854 3585 916 3643; x_wconf 85' lang='lat' dir='ltr'><strong>qua</strong></span> <span class='ocrx_word' id='word_1_352' title='bbox 936 3567 977 3626; x_wconf 92' lang='lat' dir='ltr'><strong>ad</strong></span> <span class='ocrx_word' id='word_1_353' title='bbox 997 3566 1179 3643; x_wconf 78' lang='lat' dir='ltr'><strong>Martyrium</strong></span> 
     </span>
     <span class='ocr_line' id='line_1_38' title="bbox 117 3655 1178 3733; baseline 0.001 -19"><span class='ocrx_word' id='word_1_354' title='bbox 117 3655 311 3726; x_wconf 91' lang='lat' dir='ltr'><strong>conuenitur,</strong></span> <span class='ocrx_word' id='word_1_355' title='bbox 336 3660 567 3716; x_wconf 87' lang='lat' dir='ltr'><strong>consueuerunt</strong></span> <span class='ocrx_word' id='word_1_356' title='bbox 590 3656 639 3732; x_wconf 83' lang='lat' dir='ltr'><strong>agi</strong></span> <span class='ocrx_word' id='word_1_357' title='bbox 661 3673 762 3733; x_wconf 81' lang='lat' dir='ltr'><strong>usque</strong></span> <span class='ocrx_word' id='word_1_358' title='bbox 785 3657 826 3716; x_wconf 89' lang='lat' dir='ltr'><strong>ad</strong></span> <span class='ocrx_word' id='word_1_359' title='bbox 849 3673 918 3716; x_wconf 90' lang='lat' dir='ltr'><strong>sero</strong></span> <span class='ocrx_word' id='word_1_360' title='bbox 942 3674 997 3732; x_wconf 92' lang='lat' dir='ltr'><strong>per</strong></span> <span class='ocrx_word' id='word_1_361' title='bbox 1020 3657 1090 3731; x_wconf 91' lang='lat' dir='ltr'><strong>ipsa</strong></span> <span class='ocrx_word' id='word_1_362' title='bbox 1113 3674 1178 3731; x_wconf 90' lang='lat' dir='ltr'><strong>sep-</strong></span> 
     </span>
    </p>
   </div>
   <div class='ocr_carea' id='block_1_3' title="bbox 115 3744 1255 4087">
    <p class='ocr_par' dir='ltr' id='par_1_3' title="bbox 115 3744 1255 4087">
     <span class='ocr_line' id='line_1_39' title="bbox 118 3744 1178 3821; baseline -0.001 -17"><span class='ocrx_word' id='word_1_363' title='bbox 118 3744 245 3804; x_wconf 90' lang='lat' dir='ltr'><strong>timana.</strong></span> <span class='ocrx_word' id='word_1_364' title='bbox 276 3744 373 3804; x_wconf 86' lang='lat' dir='ltr'><strong>Missa</strong></span> <span class='ocrx_word' id='word_1_365' title='bbox 393 3748 500 3804; x_wconf 89' lang='lat' dir='ltr'><strong>autem</strong></span> <span class='ocrx_word' id='word_1_366' title='bbox 522 3746 605 3804; x_wconf 86' lang='lat' dir='ltr'><strong>iacta</strong></span> <span class='ocrx_word' id='word_1_367' title='bbox 628 3746 666 3805; x_wconf 88' lang='lat' dir='ltr'><strong>de</strong></span> <span class='ocrx_word' id='word_1_368' title='bbox 688 3745 870 3821; x_wconf 89' lang='lat' dir='ltr'><strong>Martyrium</strong></span> <span class='ocrx_word' id='word_1_369' title='bbox 892 3746 1016 3804; x_wconf 91' lang='lat' dir='ltr'><strong>uenitur</strong></span> <span class='ocrx_word' id='word_1_370' title='bbox 1039 3744 1081 3803; x_wconf 92' lang='lat' dir='ltr'><strong>ad</strong></span> <span class='ocrx_word' id='word_1_371' title='bbox 1101 3744 1178 3803; x_wconf 84' lang='lat' dir='ltr'><strong>Ana-</strong></span> 
     </span>
     <span class='ocr_line' id='line_1_40' title="bbox 118 3832 1255 3910; baseline -0.001 -18"><span class='ocrx_word' id='word_1_372' title='bbox 118 3837 211 3892; x_wconf 82' lang='lat' dir='ltr'><strong>stase.</strong></span> <span class='ocrx_word' id='word_1_373' title='bbox 240 3833 279 3893; x_wconf 87' lang='lat' dir='ltr'><strong>Et</strong></span> <span class='ocrx_word' id='word_1_374' title='bbox 297 3832 340 3892; x_wconf 89' lang='lat' dir='ltr'><strong>ihi</strong></span> <span class='ocrx_word' id='word_1_375' title='bbox 360 3851 432 3895; x_wconf 91' lang='lat' dir='ltr'><strong>cum</strong></span> <span class='ocrx_word' id='word_1_376' title='bbox 449 3838 579 3894; x_wconf 89' lang='lat' dir='ltr'><strong>uentum</strong></span> <span class='ocrx_word' id='word_1_377' title='bbox 598 3835 700 3905; x_wconf 84' lang='lat' dir='ltr'><strong>tuerit,</strong></span> <span class='ocrx_word' id='word_1_378' title='bbox 721 3834 832 3910; x_wconf 84' lang='lat' dir='ltr'><strong>legitur</strong></span> <span class='ocrx_word' id='word_1_379' title='bbox 851 3835 902 3894; x_wconf 89' lang='lat' dir='ltr'><strong>ille</strong></span> <span class='ocrx_word' id='word_1_380' title='bbox 921 3835 1009 3893; x_wconf 88' lang='lat' dir='ltr'><strong>locus</strong></span> <span class='ocrx_word' id='word_1_381' title='bbox 1029 3833 1067 3892; x_wconf 90' lang='lat' dir='ltr'><strong>de</strong></span> <span class='ocrx_word' id='word_1_382' title='bbox 1087 3851 1178 3892; x_wconf 89' lang='lat' dir='ltr'><strong>euan-</strong></span> <span class='ocrx_word' id='word_1_383' title='bbox 1253 3857 1255 3868; x_wconf 66' lang='lat'><strong>.</strong></span> 
     </span>
     <span class='ocr_line' id='line_1_41' title="bbox 117 3921 1178 3999; baseline 0 -18"><span class='ocrx_word' id='word_1_384' title='bbox 117 3922 206 3997; x_wconf 82' lang='lat' dir='ltr'><strong>gelio,</strong></span> <span class='ocrx_word' id='word_1_385' title='bbox 229 3921 282 3981; x_wconf 88' lang='lat' dir='ltr'><strong>ubi</strong></span> <span class='ocrx_word' id='word_1_386' title='bbox 304 3924 383 3998; x_wconf 87' lang='lat' dir='ltr'><strong>petit</strong></span> <span class='ocrx_word' id='word_1_387' title='bbox 402 3940 515 3997; x_wconf 91' lang='lat' dir='ltr'><strong>corpus</strong></span> <span class='ocrx_word' id='word_1_388' title='bbox 537 3923 661 3982; x_wconf 90' lang='lat' dir='ltr'><strong>Domini</strong></span> <span class='ocrx_word' id='word_1_389' title='bbox 682 3923 795 3999; x_wconf 90' lang='lat' dir='ltr'><strong>loseph</strong></span> <span class='ocrx_word' id='word_1_390' title='bbox 815 3941 835 3981; x_wconf 89' lang='lat' dir='ltr'><strong>a</strong></span> <span class='ocrx_word' id='word_1_391' title='bbox 856 3923 964 3995; x_wconf 89' lang='lat' dir='ltr'><strong>Pilato,</strong></span> <span class='ocrx_word' id='word_1_392' title='bbox 986 3926 1080 3998; x_wconf 90' lang='lat' dir='ltr'><strong>ponet</strong></span> <span class='ocrx_word' id='word_1_393' title='bbox 1102 3921 1178 3982; x_wconf 94' lang='lat' dir='ltr'><strong>illud</strong></span> 
     </span>
     <span class='ocr_line' id='line_1_42' title="bbox 115 4010 1178 4087; baseline -0.003 -17"><span class='ocrx_word' id='word_1_394' title='bbox 115 4010 151 4070; x_wconf 90' lang='lat' dir='ltr'><strong>in</strong></span> <span class='ocrx_word' id='word_1_395' title='bbox 171 4012 313 4087; x_wconf 88' lang='lat' dir='ltr'><strong>sepulcro</strong></span> <span class='ocrx_word' id='word_1_396' title='bbox 334 4029 427 4071; x_wconf 87' lang='lat' dir='ltr'><strong>nouo.</strong></span> <span class='ocrx_word' id='word_1_397' title='bbox 457 4011 522 4072; x_wconf 91' lang='lat' dir='ltr'><strong>Hoc</strong></span> <span class='ocrx_word' id='word_1_398' title='bbox 542 4015 648 4072; x_wconf 91' lang='lat' dir='ltr'><strong>autem</strong></span> <span class='ocrx_word' id='word_1_399' title='bbox 666 4013 746 4071; x_wconf 88' lang='lat' dir='ltr'><strong>lecto</strong></span> <span class='ocrx_word' id='word_1_400' title='bbox 767 4011 802 4071; x_wconf 93' lang='lat' dir='ltr'><strong>fit</strong></span> <span class='ocrx_word' id='word_1_401' title='bbox 822 4011 931 4083; x_wconf 90' lang='lat' dir='ltr'><strong>oratio,</strong></span> <span class='ocrx_word' id='word_1_402' title='bbox 953 4010 1178 4072; x_wconf 86' lang='lat' dir='ltr'><strong>benedicuntur</strong></span> 
     </span>
    </p>
   </div>
   <div class='ocr_carea' id='block_1_4' title="bbox 0 0 1446 4738">
    <p class='ocr_par' dir='ltr' id='par_1_4' title="bbox 0 0 1446 4738">
     <span class='ocr_line' id='line_1_43' title="bbox 0 0 1446 4738; baseline 0 0"><span class='ocrx_word' id='word_1_403' title='bbox 0 0 1446 4738; x_wconf 95' lang='lat' dir='ltr'><strong> </strong></span> 
     </span>
    </p>
   </div>
  </div>
 </body>
</html>
