2884 4738
718 306 923 365 „22-

289 470 418 543 postea,
430 483 491 543 qna
511 468 651 542 partein
672 465 798 525 ciuitate
817 467 1059 542 ingrederentur,
1081 465 1137 525 sed
1157 463 1350 524 custodirent
1428 461 1429 524 l

289 557 448 615 ciuitatem
466 572 522 631 per
540 557 605 631 giro
623 555 743 614 clusam
762 555 905 614 hostibus
922 554 955 613 in
973 553 1106 613 miliario
1125 558 1229 612 tamen
1247 552 1350 624 tertio,
1428 555 1429 594 ³

289 662 385 721 quarn
409 648 513 704 tamen
538 644 752 704 custodierunt
776 643 936 702 mensibus
960 643 1097 718 aliquod.
1132 644 1188 705 11.
1212 642 1350 701 Postmo-

290 733 365 792 dum
386 738 501 804 autem,
524 750 595 792 cum
616 733 759 792 uiderent
782 749 815 792 se
836 733 922 790 nullo
945 731 1037 791 modo
1061 749 1154 807 posse
1174 729 1295 806 ingredi
1317 731 1350 789 in

289 822 457 893 ciuitatem,
477 824 645 882 uoluerunt
665 822 716 880 siti
737 839 791 880 eos
810 821 959 893 occidere,
982 819 1086 896 quiin
1106 819 1231 879 ciuitate
1251 823 1350 879 erant.
1428 829 1429 892 ζ

290 911 370 969 Nam
384 911 588 971 monticulum
602 910 706 982 istum,
722 928 815 987 quem
829 910 929 982 uides,
944 909 1017 981 filia,
1033 927 1126 985 super
1140 909 1267 968 ciuitate
1281 910 1350 982 hac,
1428 921 1429 996 q

289 1001 323 1059 in
339 1000 393 1058 illo
412 1003 549 1076 ternpore
567 1001 634 1075 ipse
652 999 724 1058 huic
741 999 746 1076 t
764 999 884 1058 ciuitati
902 1017 1015 1075 aquam
1033 998 1238 1058 ministrabat.
1266 997 1350 1056 Tunc
1364 1007 1390 1051 ro
1428 1021 1429 1066 3

289 1089 433 1148 uidentes
462 1089 521 1148 hoc
551 1089 662 1148 Persae
691 1091 872 1147 auerterunt
899 1088 1000 1164 ipsam
1030 1105 1144 1163 aquam
1171 1105 1191 1146 a
1220 1088 1350 1146 ciuitate
1428 1109 1429 1166 }

289 1183 321 1236 et
344 1176 485 1237 iecerunt
507 1177 537 1236 ei
563 1177 727 1236 decursum
753 1181 861 1236 contra
884 1177 953 1253 ipso
978 1177 1056 1248 loco,
1082 1177 1136 1236 ubi
1160 1175 1221 1251 ipsi
1247 1180 1350 1234 castra
1428 1173 1429 1260 l

290 1266 393 1341 posita
417 1265 582 1326 habebant.
618 1265 674 1328 12.
708 1266 743 1325 ln
768 1283 806 1326 ea
829 1283 900 1341 ergo
926 1265 975 1324 die
1000 1267 1088 1326 etin
1113 1283 1151 1325 ea
1175 1265 1262 1336 hora,
1289 1281 1350 1340 qua
1428 1263 1429 1338 l

289 1358 468 1414 auerterant
489 1355 601 1414 Persae
625 1371 747 1430 aquam,
772 1356 878 1414 statim
901 1354 944 1413 hii
966 1354 1078 1426 tontes,
1102 1371 1180 1430 quos
1202 1353 1295 1412 uides
1318 1353 1351 1411 in
1428 1345 1429 1392 l

290 1461 327 1502 eo
349 1444 428 1516 looo,
449 1445 537 1505 iusso
559 1443 615 1503 Dei
635 1437 657 1502 a
677 1443 773 1504 semel
793 1449 977 1518 eruperunt:
1000 1461 1039 1502 ex
1060 1459 1098 1502 ea
1120 1444 1169 1502 dic
1190 1443 1224 1501 hi
1246 1442 1349 1501 tontes

289 1533 441 1607 usquein
462 1533 554 1592 hodie
573 1537 756 1608 permanent
775 1533 825 1592 hic
846 1533 943 1608 gratia
963 1531 1027 1591 Dei.
1056 1533 1112 1590 Illa
1132 1533 1237 1591 autem
1258 1548 1348 1606 aqua,
1428 1511 1429 1602 l

189 1631 216 1674 or
231 1630 273 1675 oa.
290 1638 384 1697 quarn
405 1621 517 1681 Persae
537 1625 724 1692 auerterant,
746 1622 791 1680 ita
812 1621 928 1681 siccata
947 1625 995 1680 est
1015 1623 1048 1682 in
1070 1639 1108 1680 ea
1128 1621 1215 1692 hora,
1236 1626 1273 1679 ut
1293 1637 1349 1679 nec
1428 1609 1429 1704 l

289 1709 349 1785 ipsi
375 1710 526 1770 haberent
550 1711 602 1770 uel
626 1727 690 1770 una
716 1710 766 1769 die
793 1711 876 1786 quod
901 1710 1050 1782 biberent,
1077 1709 1130 1786 qui
1155 1707 1350 1769 obsedebant

289 1798 457 1870 ciuitatem,
487 1800 569 1858 sicut
598 1802 702 1860 tamen
731 1803 763 1858 et
790 1816 890 1875 usque
919 1800 952 1858 in
981 1799 1072 1858 hodie
1100 1802 1245 1875 apparet;
1275 1815 1349 1857 nam
1428 1809 1429 1882 ᾗ

289 1893 399 1963 postea
412 1905 571 1963 nunquam
584 1905 643 1948 nec
658 1889 893 1964 qualiscumque
908 1889 1019 1948 humor
1032 1888 1076 1948 ibi
1090 1888 1235 1964 apparuit
1249 1903 1350 1962 usque

288 1976 322 2035 in
352 1975 453 2036 hodie.
495 1978 551 2039 13.
581 1977 624 2035 Ac
655 1977 700 2036 sic
730 1977 856 2037 iubente
887 1977 960 2048 Deo,
992 1976 1044 2052 qui
1075 1977 1133 2035 hoc
1163 1975 1351 2052 promiserat
1428 2005 1429 2036 1

289 2064 437 2137 futurum,
461 2083 590 2125 necesse
613 2065 673 2125 tuit
693 2083 748 2125 eos
771 2066 877 2124 statim
899 2067 1013 2124 reuerti
1035 2065 1077 2124 ad
1099 2082 1166 2137 sua,
1190 2065 1223 2123 id
1246 2065 1350 2124 estin
1428 2059 1429 2098 ³

289 2153 425 2213 Persida.
466 2154 544 2212 Nam
575 2159 607 2214 et
636 2154 836 2230 postmodum
867 2153 1143 2230 quotienscumque
1182 2153 1351 2213 uoluerunt
1428 2169 1429 2228 q

288 2243 396 2302 uenire
421 2246 453 2302 et
477 2260 654 2319 expugnare
680 2245 760 2302 hano
786 2243 945 2303 ciuitatem
969 2243 1086 2315 hostes,
1113 2243 1190 2302 baec
1214 2243 1350 2317 epistola

288 2332 410 2406 prolata
436 2335 484 2391 est
509 2335 540 2392 et
565 2333 645 2392 lecta
668 2337 719 2392 est
742 2333 774 2392 in
800 2336 898 2408 porta,
925 2336 956 2391 et
980 2332 1087 2391 statim
1112 2335 1191 2390 nutu
1216 2331 1272 2391 Dei
1300 2349 1349 2390 ex-

289 2420 371 2496 pulsi
395 2426 468 2481 sunt
490 2437 599 2480 omnes
623 2421 759 2481 hostes”
793 2423 848 2484 14.
872 2421 950 2480 lllud
975 2421 1068 2480 etiam
1092 2421 1197 2480 retulit
1218 2425 1348 2480 sanctus

289 2509 455 2586 episeopus
480 2527 518 2568 eo
546 2510 628 2586 quod
653 2510 697 2569 hii
722 2510 824 2569 tontes
850 2510 903 2569 ubi
929 2509 1178 2586 erupleilerunt1,
1206 2513 1278 2569 ante
1305 2510 1349 2569 sic

288 2597 381 2658 fuerit
412 2616 540 2674 campus
571 2599 652 2657 intra
683 2599 843 2659 ciuitatem
882 2598 1048 2660 subiacens
1078 2599 1195 2674 palatio
1225 2598 1347 2675 Aggari.
1428 2591 1429 2628 ³

289 2685 378 2761 Quod
400 2688 551 2763 palatium
573 2687 683 2764 Aggari
707 2688 797 2764 quasi
820 2689 853 2747 in
875 2687 1000 2749 editiori
1019 2688 1088 2747 loco
1110 2687 1247 2763 positum
1272 2691 1347 2759 erat,

257 2818 261 2828 ·
290 2777 371 2836 sieut
394 2780 426 2836 et
448 2793 531 2836 nunc
555 2780 651 2852 paret,
677 2779 712 2835 ut
734 2775 832 2836 uides.
866 2776 945 2834 Nam
969 2776 1161 2836 consuetudo
1186 2777 1258 2836 talis
1282 2781 1350 2836 erat
1428 2799 1429 2802 ¹

288 2865 321 2923 in
356 2865 410 2924 illo
447 2870 594 2940 tempore,
630 2869 667 2924 ut
701 2865 827 2940 palatia,
864 2866 1069 2941 quotiensque
1105 2865 1348 2940 fabricabantur,

288 2970 411 3029 semper
438 2954 470 3013 in
499 2954 682 3014 editioribus
711 2953 787 3013 locis
816 2953 933 3013 fierent.
972 2957 1028 3016 15.
1057 2955 1118 3013 Sed
1146 2954 1348 3030 postmodum

289 3059 382 3117 quam
407 3042 450 3102 hii
475 3041 578 3103 tontes
603 3044 637 3103 in
661 3061 698 3103 eo
723 3043 792 3102 loco
817 3047 992 3118 eruperunt,
1018 3047 1092 3104 tunc
1116 3045 1184 3119 ipse
1208 3043 1349 3120 Aggarus
1428 3065 1429 3128 l

288 3129 353 3189 filio
380 3148 437 3190 suo
463 3130 584 3206 Magno,
611 3131 643 3190 id
669 3136 717 3192 est
742 3132 804 3206 isti,
832 3131 920 3191 cuius
946 3131 1118 3208 archiotipa
1143 3131 1233 3192 uides
1259 3133 1350 3191 iuxta

286 3223 391 3294 patrer
420 3219 532 3294 posita,
563 3220 621 3278 hoc
650 3221 801 3296 palatium
829 3221 904 3281 iecit
933 3222 965 3281 in
995 3239 1031 3280 eo
1061 3223 1138 3294 loeo,
1169 3221 1212 3280 ita
1241 3224 1348 3281 tamen

287 3314 322 3367 ut
345 3307 388 3367 hii
412 3307 515 3368 fontes
538 3309 621 3368 intra
644 3309 794 3384 palatium
817 3309 1056 3370 includerentur.

361 3399 416 3461 lo.
439 3397 552 3456 Postea
572 3415 645 3474 ergo
668 3415 762 3474 quam
784 3399 860 3460 haee
882 3401 988 3459 omnia
1010 3401 1115 3460 retulit
1138 3403 1264 3460 sauctus
1287 3401 1350 3477 epi·

289 3505 413 3562 scopus,
433 3488 478 3546 ait
496 3488 537 3546 ad
557 3505 622 3546 me:
644 3487 778 3548 “Eamus
799 3506 880 3548 nunc
900 3490 941 3548 ad
961 3493 1091 3565 portam,
1112 3506 1283 3566 perquam
1303 3492 1348 3551 in·

288 3593 413 3651 gressus
427 3581 475 3636 est
488 3577 625 3636 Ananias
640 3594 747 3636 cursor
760 3595 831 3637 cum
844 3578 899 3636 illa
912 3578 1053 3653 epistola,
1069 3595 1163 3654 quem
1176 3577 1349 3638 dixeram'.
1428 3561 1429 3614 3

288 3664 365 3724 Cum
392 3682 464 3740 ergo
489 3665 687 3725 uenissemus
713 3665 754 3724 ad
780 3664 901 3742 portam
927 3666 1037 3742 ipsam,
1065 3669 1152 3726 stans
1178 3669 1348 3743 episcopus
1428 3699 1429 3732 ÷

287 3752 360 3812 fecit
382 3753 554 3814 orationem
578 3758 610 3813 et
631 3755 705 3830 legit
726 3755 818 3815 nobis
840 3753 883 3813 ibi
906 3755 991 3830 ipsas
1015 3755 1164 3831 epistolas
1188 3760 1219 3815 et
1242 3756 1348 3816 denuo

286 3841 454 3902 bendicens
482 3860 540 3902 nos
569 3842 652 3902 facta
679 3847 727 3903 est
753 3844 882 3903 iterato8
909 3845 1019 3902 oratio.
1058 3846 1114 3908 17.
1143 3845 1222 3903 Illud
1249 3846 1350 3906 etiam

286 3931 392 3989 retulit
413 3931 504 3990 nobis
528 3936 655 3991 sanctus
679 3934 746 4008 ipse
770 3932 885 4005 dicens,
908 3951 946 3992 eo
970 3934 1053 4009 quod
1076 3951 1116 3992 ex
1139 3949 1177 3992 ea
1199 3933 1259 4007 die,
1284 3951 1349 4010 qua

359 4068 369 4098 ¹
387 4070 456 4124 victl.
475 4086 526 4122 aus
544 4070 733 4138 erupuerunt*.
754 4100 785 4109 -
808 4069 818 4101 ²
836 4074 911 4140 parte
929 4075 964 4126 A.
984 4103 1017 4112 —
1039 4070 1049 4103 ³
1067 4071 1162 4124 iterata
1180 4072 1228 4124 A?
