<?xml version="1.0" encoding="UTF-8"?>
<!DOCTYPE html PUBLIC "-//W3C//DTD XHTML 1.0 Transitional//EN"
    "http://www.w3.org/TR/xhtml1/DTD/xhtml1-transitional.dtd">
<html xmlns="http://www.w3.org/1999/xhtml" xml:lang="en" lang="en">
 <head>
  <title>
</title>
<meta http-equiv="Content-Type" content="text/html;charset=utf-8" />
  <meta name='ocr-system' content='tesseract 3.04.00' />
  <meta name='ocr-capabilities' content='ocr_page ocr_carea ocr_par ocr_line ocrx_word'/>
</head>
<body>
  <div class='ocr_page' id='page_1' title='image "./silviaevelpotiu00heragoog_0056.png"; bbox 0 0 2884 4738; ppageno 0'>
   <div class='ocr_carea' id='block_1_1' title="bbox 706 322 913 379">
    <p class='ocr_par' dir='ltr' id='par_1_1' title="bbox 706 322 913 379">
     <span class='ocr_line' id='line_1_1' title="bbox 706 322 913 379; baseline 0.005 -18"><span class='ocrx_word' id='word_1_1' title='bbox 706 322 913 379; x_wconf 77' lang='lat'>...44-</span> 
     </span>
    </p>
   </div>
   <div class='ocr_carea' id='block_1_2' title="bbox 180 479 1384 3859">
    <p class='ocr_par' dir='ltr' id='par_1_2' title="bbox 277 479 1337 1003">
     <span class='ocr_line' id='line_1_2' title="bbox 278 479 1334 556; baseline -0.001 -16"><span class='ocrx_word' id='word_1_2' title='bbox 278 481 494 554; x_wconf 89' lang='lat' dir='ltr'>catheoumini‚</span> <span class='ocrx_word' id='word_1_3' title='bbox 517 481 562 541; x_wconf 90' lang='lat' dir='ltr'>sic</span> <span class='ocrx_word' id='word_1_4' title='bbox 584 480 620 540; x_wconf 90' lang='lat' dir='ltr'>fit</span> <span class='ocrx_word' id='word_1_5' title='bbox 639 483 746 541; x_wconf 90' lang='lat' dir='ltr'>missa.</span> <span class='ocrx_word' id='word_1_6' title='bbox 777 482 810 544; x_wconf 80' lang='lat' dir='ltr'>o.</span> <span class='ocrx_word' id='word_1_7' title='bbox 832 481 903 556; x_wconf 84' lang='lat' dir='ltr'>Ipsa</span> <span class='ocrx_word' id='word_1_8' title='bbox 924 484 1030 541; x_wconf 90' lang='lat' dir='ltr'>autem</span> <span class='ocrx_word' id='word_1_9' title='bbox 1051 479 1101 540; x_wconf 92' lang='lat' dir='ltr'>die</span> <span class='ocrx_word' id='word_1_10' title='bbox 1122 498 1186 540; x_wconf 91' lang='lat' dir='ltr'>non</span> <span class='ocrx_word' id='word_1_11' title='bbox 1207 481 1334 540; x_wconf 77' lang='lat' dir='ltr'>mittitur</span> 
     </span>
     <span class='ocr_line' id='line_1_3' title="bbox 278 570 1334 647; baseline -0.002 -17"><span class='ocrx_word' id='word_1_12' title='bbox 278 589 350 644; x_wconf 83' lang='lat' dir='ltr'>uox,</span> <span class='ocrx_word' id='word_1_13' title='bbox 378 575 413 630; x_wconf 92' lang='lat' dir='ltr'>ut</span> <span class='ocrx_word' id='word_1_14' title='bbox 440 571 640 647; x_wconf 84' lang='lat' dir='ltr'>peruigiletur</span> <span class='ocrx_word' id='word_1_15' title='bbox 666 570 707 630; x_wconf 86' lang='lat' dir='ltr'>ad</span> <span class='ocrx_word' id='word_1_16' title='bbox 734 571 898 644; x_wconf 89' lang='lat' dir='ltr'>Anastase,</span> <span class='ocrx_word' id='word_1_17' title='bbox 926 571 1075 646; x_wconf 91' lang='lat' dir='ltr'>quoniam</span> <span class='ocrx_word' id='word_1_18' title='bbox 1103 571 1162 630; x_wconf 89' lang='lat' dir='ltr'>scit</span> <span class='ocrx_word' id='word_1_19' title='bbox 1189 571 1334 646; x_wconf 88' lang='lat' dir='ltr'>populum</span> 
     </span>
     <span class='ocr_line' id='line_1_4' title="bbox 277 659 1332 736; baseline 0 -18"><span class='ocrx_word' id='word_1_20' title='bbox 277 659 441 736; x_wconf 75' lang='lat' dir='ltr'>fatigatum</span> <span class='ocrx_word' id='word_1_21' title='bbox 472 678 558 732; x_wconf 89' lang='lat' dir='ltr'>esse;</span> <span class='ocrx_word' id='word_1_22' title='bbox 590 660 645 719; x_wconf 91' lang='lat' dir='ltr'>sed</span> <span class='ocrx_word' id='word_1_23' title='bbox 676 660 870 720; x_wconf 80' lang='lat' dir='ltr'>consuetudo</span> <span class='ocrx_word' id='word_1_24' title='bbox 900 664 958 731; x_wconf 90' lang='lat' dir='ltr'>est,</span> <span class='ocrx_word' id='word_1_25' title='bbox 988 663 1025 719; x_wconf 90' lang='lat' dir='ltr'>ut</span> <span class='ocrx_word' id='word_1_26' title='bbox 1053 659 1255 736; x_wconf 86' lang='lat' dir='ltr'>peruigiletur</span> <span class='ocrx_word' id='word_1_27' title='bbox 1285 659 1332 718; x_wconf 89' lang='lat' dir='ltr'>ibi.</span> 
     </span>
     <span class='ocr_line' id='line_1_5' title="bbox 277 747 1334 825; baseline 0 -18"><span class='ocrx_word' id='word_1_28' title='bbox 277 749 321 807; x_wconf 89' lang='lat' dir='ltr'>Ao</span> <span class='ocrx_word' id='word_1_29' title='bbox 349 749 394 810; x_wconf 87' lang='lat' dir='ltr'>sic</span> <span class='ocrx_word' id='word_1_30' title='bbox 422 749 475 825; x_wconf 93' lang='lat' dir='ltr'>qui</span> <span class='ocrx_word' id='word_1_31' title='bbox 502 749 571 808; x_wconf 93' lang='lat' dir='ltr'>uult</span> <span class='ocrx_word' id='word_1_32' title='bbox 598 749 637 808; x_wconf 90' lang='lat' dir='ltr'>de</span> <span class='ocrx_word' id='word_1_33' title='bbox 663 749 788 825; x_wconf 90' lang='lat' dir='ltr'>populo,</span> <span class='ocrx_word' id='word_1_34' title='bbox 816 750 912 808; x_wconf 89' lang='lat' dir='ltr'>immo</span> <span class='ocrx_word' id='word_1_35' title='bbox 941 749 994 825; x_wconf 88' lang='lat' dir='ltr'>qui</span> <span class='ocrx_word' id='word_1_36' title='bbox 1021 752 1163 824; x_wconf 83' lang='lat' dir='ltr'>possunt,</span> <span class='ocrx_word' id='word_1_37' title='bbox 1191 747 1334 825; x_wconf 84' lang='lat' dir='ltr'>uigilant;</span> 
     </span>
     <span class='ocr_line' id='line_1_6' title="bbox 278 837 1336 914; baseline 0 -18"><span class='ocrx_word' id='word_1_38' title='bbox 278 839 330 914; x_wconf 91' lang='lat' dir='ltr'>qui</span> <span class='ocrx_word' id='word_1_39' title='bbox 356 842 462 897; x_wconf 90' lang='lat' dir='ltr'>autem</span> <span class='ocrx_word' id='word_1_40' title='bbox 486 855 550 898; x_wconf 92' lang='lat' dir='ltr'>non</span> <span class='ocrx_word' id='word_1_41' title='bbox 574 842 716 914; x_wconf 87' lang='lat' dir='ltr'>possunt,</span> <span class='ocrx_word' id='word_1_42' title='bbox 742 856 807 897; x_wconf 93' lang='lat' dir='ltr'>non</span> <span class='ocrx_word' id='word_1_43' title='bbox 831 838 962 914; x_wconf 87' lang='lat' dir='ltr'>uigilant</span> <span class='ocrx_word' id='word_1_44' title='bbox 986 837 1031 897; x_wconf 90' lang='lat' dir='ltr'>ihi</span> <span class='ocrx_word' id='word_1_45' title='bbox 1055 855 1156 913; x_wconf 81' lang='lat' dir='ltr'>usque</span> <span class='ocrx_word' id='word_1_46' title='bbox 1180 837 1213 896; x_wconf 92' lang='lat' dir='ltr'>in</span> <span class='ocrx_word' id='word_1_47' title='bbox 1237 855 1336 910; x_wconf 85' lang='lat' dir='ltr'>mane,</span> 
     </span>
     <span class='ocr_line' id='line_1_7' title="bbox 278 925 1337 1003; baseline 0 -17"><span class='ocrx_word' id='word_1_48' title='bbox 278 927 380 986; x_wconf 87' lang='lat' dir='ltr'>clerici</span> <span class='ocrx_word' id='word_1_49' title='bbox 400 931 507 987; x_wconf 87' lang='lat' dir='ltr'>autem</span> <span class='ocrx_word' id='word_1_50' title='bbox 528 928 660 1003; x_wconf 88' lang='lat' dir='ltr'>uigilant</span> <span class='ocrx_word' id='word_1_51' title='bbox 679 926 732 999; x_wconf 91' lang='lat' dir='ltr'>ihi,</span> <span class='ocrx_word' id='word_1_52' title='bbox 754 927 786 985; x_wconf 92' lang='lat' dir='ltr'>id</span> <span class='ocrx_word' id='word_1_53' title='bbox 806 931 855 987; x_wconf 90' lang='lat' dir='ltr'>est</span> <span class='ocrx_word' id='word_1_54' title='bbox 876 927 928 1003; x_wconf 90' lang='lat' dir='ltr'>qui</span> <span class='ocrx_word' id='word_1_55' title='bbox 950 931 1005 986; x_wconf 92' lang='lat' dir='ltr'>aut</span> <span class='ocrx_word' id='word_1_56' title='bbox 1025 925 1170 987; x_wconf 84' lang='lat' dir='ltr'>tortiores</span> <span class='ocrx_word' id='word_1_57' title='bbox 1191 930 1266 986; x_wconf 91' lang='lat' dir='ltr'>sunt</span> <span class='ocrx_word' id='word_1_58' title='bbox 1285 931 1337 986; x_wconf 91' lang='lat' dir='ltr'>aut</span> 
     </span>
    </p>

    <p class='ocr_par' dir='ltr' id='par_1_3' title="bbox 208 1015 1336 1270">
     <span class='ocr_line' id='line_1_8' title="bbox 208 1015 1336 1092; baseline -0.002 -16"><span class='ocrx_word' id='word_1_59' title='bbox 208 1053 212 1060; x_wconf 88' lang='lat'><em>-</em></span> <span class='ocrx_word' id='word_1_60' title='bbox 276 1015 472 1088; x_wconf 88' lang='lat' dir='ltr'>iuueniores;</span> <span class='ocrx_word' id='word_1_61' title='bbox 495 1019 527 1075; x_wconf 85' lang='lat' dir='ltr'>et</span> <span class='ocrx_word' id='word_1_62' title='bbox 550 1019 616 1075; x_wconf 87' lang='lat' dir='ltr'>tota</span> <span class='ocrx_word' id='word_1_63' title='bbox 637 1021 728 1076; x_wconf 88' lang='lat' dir='ltr'>nocte</span> <span class='ocrx_word' id='word_1_64' title='bbox 752 1017 897 1077; x_wconf 90' lang='lat' dir='ltr'>dicuntur</span> <span class='ocrx_word' id='word_1_65' title='bbox 919 1015 963 1076; x_wconf 92' lang='lat' dir='ltr'>ibi</span> <span class='ocrx_word' id='word_1_66' title='bbox 985 1015 1072 1092; x_wconf 93' lang='lat' dir='ltr'>ymni</span> <span class='ocrx_word' id='word_1_67' title='bbox 1094 1020 1127 1075; x_wconf 88' lang='lat' dir='ltr'>et</span> <span class='ocrx_word' id='word_1_68' title='bbox 1148 1015 1336 1091; x_wconf 81' lang='lat' dir='ltr'>antiphonae</span> 
     </span>
     <span class='ocr_line' id='line_1_9' title="bbox 276 1104 1335 1182; baseline 0 -18"><span class='ocrx_word' id='word_1_69' title='bbox 276 1105 440 1181; x_wconf 87' lang='lat' dir='ltr'>usquead</span> <span class='ocrx_word' id='word_1_70' title='bbox 465 1123 566 1166; x_wconf 84' lang='lat' dir='ltr'>mane.</span> <span class='ocrx_word' id='word_1_71' title='bbox 600 1105 735 1164; x_wconf 84' lang='lat' dir='ltr'>Maxima</span> <span class='ocrx_word' id='word_1_72' title='bbox 758 1109 864 1165; x_wconf 89' lang='lat' dir='ltr'>autem</span> <span class='ocrx_word' id='word_1_73' title='bbox 888 1104 978 1165; x_wconf 87' lang='lat' dir='ltr'>turba</span> <span class='ocrx_word' id='word_1_74' title='bbox 1002 1105 1197 1182; x_wconf 82' lang='lat' dir='ltr'>perngilant,</span> <span class='ocrx_word' id='word_1_75' title='bbox 1223 1105 1277 1164; x_wconf 88' lang='lat' dir='ltr'>alii</span> <span class='ocrx_word' id='word_1_76' title='bbox 1301 1105 1335 1164; x_wconf 88' lang='lat' dir='ltr'>de</span> 
     </span>
     <span class='ocr_line' id='line_1_10' title="bbox 279 1193 1050 1270; baseline 0.001 -17"><span class='ocrx_word' id='word_1_77' title='bbox 279 1211 357 1266; x_wconf 87' lang='lat' dir='ltr'>sera,</span> <span class='ocrx_word' id='word_1_78' title='bbox 382 1193 435 1253; x_wconf 93' lang='lat' dir='ltr'>alii</span> <span class='ocrx_word' id='word_1_79' title='bbox 459 1195 498 1254; x_wconf 87' lang='lat' dir='ltr'>de</span> <span class='ocrx_word' id='word_1_80' title='bbox 522 1193 627 1254; x_wconf 90' lang='lat' dir='ltr'>media</span> <span class='ocrx_word' id='word_1_81' title='bbox 648 1198 748 1267; x_wconf 89' lang='lat' dir='ltr'>nocte,</span> <span class='ocrx_word' id='word_1_82' title='bbox 774 1195 826 1270; x_wconf 90' lang='lat' dir='ltr'>qui</span> <span class='ocrx_word' id='word_1_83' title='bbox 850 1199 886 1253; x_wconf 92' lang='lat' dir='ltr'>ut</span> <span class='ocrx_word' id='word_1_84' title='bbox 908 1199 1050 1270; x_wconf 89' lang='lat' dir='ltr'>possunt.</span> 
     </span>
    </p>

    <p class='ocr_par' dir='ltr' id='par_1_4' title="bbox 274 1283 1338 2076">
     <span class='ocr_line' id='line_1_11' title="bbox 346 1283 1335 1346; baseline 0.001 -5"><span class='ocrx_word' id='word_1_85' title='bbox 346 1283 507 1342; x_wconf 88' lang='lat' dir='ltr'><strong>XXXVIII.</strong></span> <span class='ocrx_word' id='word_1_86' title='bbox 543 1285 576 1346; x_wconf 87' lang='lat'>1.</span> <span class='ocrx_word' id='word_1_87' title='bbox 604 1283 740 1342; x_wconf 84' lang='lat' dir='ltr'>Sabbato</span> <span class='ocrx_word' id='word_1_88' title='bbox 766 1287 872 1344; x_wconf 89' lang='lat' dir='ltr'>autem</span> <span class='ocrx_word' id='word_1_89' title='bbox 897 1284 959 1342; x_wconf 91' lang='lat' dir='ltr'>alia</span> <span class='ocrx_word' id='word_1_90' title='bbox 985 1283 1036 1343; x_wconf 91' lang='lat' dir='ltr'>die</span> <span class='ocrx_word' id='word_1_91' title='bbox 1061 1285 1150 1343; x_wconf 86' lang='lat' dir='ltr'>iuxta</span> <span class='ocrx_word' id='word_1_92' title='bbox 1175 1287 1335 1342; x_wconf 89' lang='lat' dir='ltr'>consuetu-</span> 
     </span>
     <span class='ocr_line' id='line_1_12' title="bbox 276 1369 1336 1445; baseline 0.002 -17"><span class='ocrx_word' id='word_1_93' title='bbox 276 1369 380 1429; x_wconf 90' lang='lat' dir='ltr'>dinem</span> <span class='ocrx_word' id='word_1_94' title='bbox 399 1371 433 1430; x_wconf 87' lang='lat' dir='ltr'>fit</span> <span class='ocrx_word' id='word_1_95' title='bbox 451 1371 490 1430; x_wconf 92' lang='lat' dir='ltr'>ad</span> <span class='ocrx_word' id='word_1_96' title='bbox 508 1371 608 1443; x_wconf 91' lang='lat' dir='ltr'>tertia,</span> <span class='ocrx_word' id='word_1_97' title='bbox 633 1375 707 1432; x_wconf 88' lang='lat' dir='ltr'>item</span> <span class='ocrx_word' id='word_1_98' title='bbox 725 1372 761 1431; x_wconf 90' lang='lat' dir='ltr'>fit</span> <span class='ocrx_word' id='word_1_99' title='bbox 778 1373 818 1431; x_wconf 93' lang='lat' dir='ltr'>ad</span> <span class='ocrx_word' id='word_1_100' title='bbox 837 1377 942 1445; x_wconf 73' lang='lat' dir='ltr'>sexta,</span> <span class='ocrx_word' id='word_1_101' title='bbox 961 1373 1001 1432; x_wconf 90' lang='lat' dir='ltr'>ad</span> <span class='ocrx_word' id='word_1_102' title='bbox 1019 1390 1136 1432; x_wconf 89' lang='lat' dir='ltr'>nonam</span> <span class='ocrx_word' id='word_1_103' title='bbox 1153 1375 1259 1432; x_wconf 90' lang='lat' dir='ltr'>autem</span> <span class='ocrx_word' id='word_1_104' title='bbox 1277 1374 1336 1431; x_wconf 87' lang='lat' dir='ltr'>ianr</span> 
     </span>
     <span class='ocr_line' id='line_1_13' title="bbox 276 1460 1338 1539; baseline -0.002 -19"><span class='ocrx_word' id='word_1_105' title='bbox 276 1479 340 1520; x_wconf 92' lang='lat' dir='ltr'>non</span> <span class='ocrx_word' id='word_1_106' title='bbox 360 1460 395 1520; x_wconf 90' lang='lat' dir='ltr'>fit</span> <span class='ocrx_word' id='word_1_107' title='bbox 416 1463 556 1535; x_wconf 84' lang='lat' dir='ltr'>sabbate,</span> <span class='ocrx_word' id='word_1_108' title='bbox 578 1463 633 1522; x_wconf 91' lang='lat' dir='ltr'>sed</span> <span class='ocrx_word' id='word_1_109' title='bbox 654 1468 803 1538; x_wconf 88' lang='lat' dir='ltr'>parantur</span> <span class='ocrx_word' id='word_1_110' title='bbox 823 1462 949 1539; x_wconf 86' lang='lat' dir='ltr'>uigiliae</span> <span class='ocrx_word' id='word_1_111' title='bbox 970 1463 1133 1537; x_wconf 82' lang='lat' dir='ltr'>paschales</span> <span class='ocrx_word' id='word_1_112' title='bbox 1155 1462 1188 1521; x_wconf 90' lang='lat' dir='ltr'>in</span> <span class='ocrx_word' id='word_1_113' title='bbox 1208 1461 1338 1521; x_wconf 76' lang='lat' dir='ltr'>scelesta</span> 
     </span>
     <span class='ocr_line' id='line_1_14' title="bbox 278 1550 1336 1628; baseline 0 -19"><span class='ocrx_word' id='word_1_114' title='bbox 278 1551 404 1624; x_wconf 87' lang='lat' dir='ltr'>maiore,</span> <span class='ocrx_word' id='word_1_115' title='bbox 434 1552 467 1610; x_wconf 92' lang='lat' dir='ltr'>id</span> <span class='ocrx_word' id='word_1_116' title='bbox 498 1555 547 1612; x_wconf 92' lang='lat' dir='ltr'>est</span> <span class='ocrx_word' id='word_1_117' title='bbox 576 1552 609 1612; x_wconf 92' lang='lat' dir='ltr'>in</span> <span class='ocrx_word' id='word_1_118' title='bbox 639 1551 830 1628; x_wconf 76' lang='lat' dir='ltr'>Martyrium.</span> <span class='ocrx_word' id='word_1_119' title='bbox 879 1550 1008 1628; x_wconf 85' lang='lat' dir='ltr'>Vigiliae</span> <span class='ocrx_word' id='word_1_120' title='bbox 1038 1556 1144 1611; x_wconf 86' lang='lat' dir='ltr'>autem</span> <span class='ocrx_word' id='word_1_121' title='bbox 1173 1551 1336 1627; x_wconf 84' lang='lat' dir='ltr'>paschales</span> 
     </span>
     <span class='ocr_line' id='line_1_15' title="bbox 277 1640 1336 1717; baseline 0 -19"><span class='ocrx_word' id='word_1_122' title='bbox 277 1640 322 1699; x_wconf 89' lang='lat' dir='ltr'>sic</span> <span class='ocrx_word' id='word_1_123' title='bbox 342 1640 430 1713; x_wconf 90' lang='lat' dir='ltr'>fiunt,</span> <span class='ocrx_word' id='word_1_124' title='bbox 452 1660 544 1717; x_wconf 88' lang='lat' dir='ltr'>quem</span> <span class='ocrx_word' id='word_1_125' title='bbox 565 1642 604 1700; x_wconf 89' lang='lat' dir='ltr'>ad</span> <span class='ocrx_word' id='word_1_126' title='bbox 625 1642 753 1700; x_wconf 90' lang='lat' dir='ltr'>modum</span> <span class='ocrx_word' id='word_1_127' title='bbox 773 1641 814 1700; x_wconf 90' lang='lat' dir='ltr'>ad</span> <span class='ocrx_word' id='word_1_128' title='bbox 835 1659 908 1713; x_wconf 89' lang='lat' dir='ltr'>nos;</span> <span class='ocrx_word' id='word_1_129' title='bbox 930 1641 989 1700; x_wconf 93' lang='lat' dir='ltr'>hoc</span> <span class='ocrx_word' id='word_1_130' title='bbox 1010 1642 1112 1700; x_wconf 88' lang='lat' dir='ltr'>solum</span> <span class='ocrx_word' id='word_1_131' title='bbox 1132 1641 1183 1700; x_wconf 83' lang='lat' dir='ltr'>hle</span> <span class='ocrx_word' id='word_1_132' title='bbox 1204 1640 1336 1716; x_wconf 90' lang='lat' dir='ltr'>amplius</span> 
     </span>
     <span class='ocr_line' id='line_1_16' title="bbox 274 1729 1336 1806; baseline -0.001 -18"><span class='ocrx_word' id='word_1_133' title='bbox 274 1729 319 1801; x_wconf 90' lang='lat' dir='ltr'>fit,</span> <span class='ocrx_word' id='word_1_134' title='bbox 343 1731 426 1806; x_wconf 87' lang='lat' dir='ltr'>quod</span> <span class='ocrx_word' id='word_1_135' title='bbox 449 1730 596 1803; x_wconf 80' lang='lat' dir='ltr'>infantes,</span> <span class='ocrx_word' id='word_1_136' title='bbox 620 1748 692 1789; x_wconf 90' lang='lat' dir='ltr'>cum</span> <span class='ocrx_word' id='word_1_137' title='bbox 715 1730 878 1806; x_wconf 91' lang='lat' dir='ltr'>baptidiati</span> <span class='ocrx_word' id='word_1_138' title='bbox 902 1729 1018 1791; x_wconf 83' lang='lat' dir='ltr'>tuerint</span> <span class='ocrx_word' id='word_1_139' title='bbox 1041 1735 1072 1790; x_wconf 88' lang='lat' dir='ltr'>et</span> <span class='ocrx_word' id='word_1_140' title='bbox 1095 1729 1209 1804; x_wconf 86' lang='lat' dir='ltr'>uestiti,</span> <span class='ocrx_word' id='word_1_141' title='bbox 1234 1747 1336 1806; x_wconf 90' lang='lat' dir='ltr'>quem-</span> 
     </span>
     <span class='ocr_line' id='line_1_17' title="bbox 278 1819 1337 1896; baseline -0.002 -18"><span class='ocrx_word' id='word_1_142' title='bbox 278 1819 447 1879; x_wconf 90' lang='lat' dir='ltr'>admodum</span> <span class='ocrx_word' id='word_1_143' title='bbox 473 1821 605 1880; x_wconf 79' lang='lat' dir='ltr'>exierr&#39;nt</span> <span class='ocrx_word' id='word_1_144' title='bbox 630 1821 668 1879; x_wconf 88' lang='lat' dir='ltr'>de</span> <span class='ocrx_word' id='word_1_145' title='bbox 694 1821 789 1891; x_wconf 81' lang='lat' dir='ltr'>fonte,</span> <span class='ocrx_word' id='word_1_146' title='bbox 816 1821 909 1880; x_wconf 88' lang='lat' dir='ltr'>simul</span> <span class='ocrx_word' id='word_1_147' title='bbox 935 1838 1006 1879; x_wconf 89' lang='lat' dir='ltr'>cum</span> <span class='ocrx_word' id='word_1_148' title='bbox 1032 1821 1178 1896; x_wconf 85' lang='lat' dir='ltr'>episcopo</span> <span class='ocrx_word' id='word_1_149' title='bbox 1204 1820 1337 1896; x_wconf 89' lang='lat' dir='ltr'>primum</span> 
     </span>
     <span class='ocr_line' id='line_1_18' title="bbox 276 1909 1338 1985; baseline 0.001 -18"><span class='ocrx_word' id='word_1_150' title='bbox 276 1909 317 1968; x_wconf 90' lang='lat' dir='ltr'>ad</span> <span class='ocrx_word' id='word_1_151' title='bbox 340 1909 494 1968; x_wconf 88' lang='lat' dir='ltr'>Anastase</span> <span class='ocrx_word' id='word_1_152' title='bbox 517 1911 689 1968; x_wconf 75' lang='lat' dir='ltr'>ducuntur:</span> <span class='ocrx_word' id='word_1_153' title='bbox 714 1912 747 1974; x_wconf 82' lang='lat'>2.</span> <span class='ocrx_word' id='word_1_154' title='bbox 771 1911 868 1969; x_wconf 91' lang='lat' dir='ltr'>Intrat</span> <span class='ocrx_word' id='word_1_155' title='bbox 889 1911 1055 1985; x_wconf 89' lang='lat' dir='ltr'>episcopus</span> <span class='ocrx_word' id='word_1_156' title='bbox 1079 1912 1160 1969; x_wconf 91' lang='lat' dir='ltr'>intro</span> <span class='ocrx_word' id='word_1_157' title='bbox 1183 1910 1338 1970; x_wconf 89' lang='lat' dir='ltr'>cancellos</span> 
     </span>
     <span class='ocr_line' id='line_1_19' title="bbox 276 1998 1337 2076; baseline 0 -20"><span class='ocrx_word' id='word_1_158' title='bbox 276 1998 449 2070; x_wconf 87' lang='lat' dir='ltr'>Anastasis,</span> <span class='ocrx_word' id='word_1_159' title='bbox 473 1999 586 2058; x_wconf 89' lang='lat' dir='ltr'>dicitur</span> <span class='ocrx_word' id='word_1_160' title='bbox 608 2016 690 2059; x_wconf 87' lang='lat' dir='ltr'>unus</span> <span class='ocrx_word' id='word_1_161' title='bbox 713 2016 838 2076; x_wconf 76' lang='lat' dir='ltr'>ymnuS,</span> <span class='ocrx_word' id='word_1_162' title='bbox 862 2000 961 2060; x_wconf 84' lang='lat' dir='ltr'>etsie</span> <span class='ocrx_word' id='word_1_163' title='bbox 983 1999 1059 2058; x_wconf 82' lang='lat' dir='ltr'>tacit</span> <span class='ocrx_word' id='word_1_164' title='bbox 1081 1999 1254 2059; x_wconf 88' lang='lat' dir='ltr'>orationem</span> <span class='ocrx_word' id='word_1_165' title='bbox 1278 1999 1337 2074; x_wconf 89' lang='lat' dir='ltr'>epi·</span> 
     </span>
    </p>

    <p class='ocr_par' dir='ltr' id='par_1_5' title="bbox 180 2088 1344 2254">
     <span class='ocr_line' id='line_1_20' title="bbox 180 2088 1339 2164; baseline 0.007 -24"><span class='ocrx_word' id='word_1_166' title='bbox 180 2098 208 2141; x_wconf 76' lang='lat' dir='ltr'>so</span> <span class='ocrx_word' id='word_1_167' title='bbox 221 2099 263 2141; x_wconf 71' lang='lat' dir='ltr'>oa.</span> <span class='ocrx_word' id='word_1_168' title='bbox 280 2105 394 2162; x_wconf 89' lang='lat' dir='ltr'>scopus</span> <span class='ocrx_word' id='word_1_169' title='bbox 413 2106 470 2164; x_wconf 90' lang='lat' dir='ltr'>pro</span> <span class='ocrx_word' id='word_1_170' title='bbox 490 2089 545 2160; x_wconf 69' lang='lat' dir='ltr'>eis</span> <span class='ocrx_word' id='word_1_171' title='bbox 563 2092 596 2148; x_wconf 89' lang='lat' dir='ltr'>et</span> <span class='ocrx_word' id='word_1_172' title='bbox 614 2090 659 2148; x_wconf 89' lang='lat' dir='ltr'>sic</span> <span class='ocrx_word' id='word_1_173' title='bbox 678 2089 766 2148; x_wconf 92' lang='lat' dir='ltr'>uenit</span> <span class='ocrx_word' id='word_1_174' title='bbox 784 2089 823 2148; x_wconf 89' lang='lat' dir='ltr'>ad</span> <span class='ocrx_word' id='word_1_175' title='bbox 841 2088 1007 2149; x_wconf 88' lang='lat' dir='ltr'>ecclesiam</span> <span class='ocrx_word' id='word_1_176' title='bbox 1026 2088 1175 2147; x_wconf 89' lang='lat' dir='ltr'>maiorem</span> <span class='ocrx_word' id='word_1_177' title='bbox 1194 2106 1265 2148; x_wconf 91' lang='lat' dir='ltr'>cum</span> <span class='ocrx_word' id='word_1_178' title='bbox 1285 2088 1339 2160; x_wconf 78' lang='lat' dir='ltr'>eiS,</span> 
     </span>
     <span class='ocr_line' id='line_1_21' title="bbox 280 2177 1344 2254; baseline 0.001 -19"><span class='ocrx_word' id='word_1_179' title='bbox 280 2177 331 2235; x_wconf 92' lang='lat' dir='ltr'>ubi</span> <span class='ocrx_word' id='word_1_180' title='bbox 360 2177 448 2236; x_wconf 88' lang='lat' dir='ltr'>iuxta</span> <span class='ocrx_word' id='word_1_181' title='bbox 474 2178 734 2238; x_wconf 87' lang='lat' dir='ltr'>consuetudinem</span> <span class='ocrx_word' id='word_1_182' title='bbox 760 2178 863 2237; x_wconf 88' lang='lat' dir='ltr'>omnis</span> <span class='ocrx_word' id='word_1_183' title='bbox 889 2178 1023 2254; x_wconf 86' lang='lat' dir='ltr'>populus</span> <span class='ocrx_word' id='word_1_184' title='bbox 1050 2177 1166 2254; x_wconf 85' lang='lat' dir='ltr'>uigilat.</span> <span class='ocrx_word' id='word_1_185' title='bbox 1203 2177 1344 2254; x_wconf 86' lang='lat' dir='ltr'>Aguntur</span> 
     </span>
    </p>

    <p class='ocr_par' dir='ltr' id='par_1_6' title="bbox 181 2266 1340 2966">
     <span class='ocr_line' id='line_1_22' title="bbox 181 2266 1340 2342; baseline 0.005 -22"><span class='ocrx_word' id='word_1_186' title='bbox 181 2276 207 2320; x_wconf 75' lang='lat'>91</span> <span class='ocrx_word' id='word_1_187' title='bbox 220 2277 246 2320; x_wconf 86' lang='lat' dir='ltr'>o.</span> <span class='ocrx_word' id='word_1_188' title='bbox 277 2266 329 2338; x_wconf 88' lang='lat' dir='ltr'>ihi,</span> <span class='ocrx_word' id='word_1_189' title='bbox 360 2285 440 2342; x_wconf 88' lang='lat' dir='ltr'>quae</span> <span class='ocrx_word' id='word_1_190' title='bbox 469 2267 707 2328; x_wconf 83' lang='lat' dir='ltr'>consuetudinis</span> <span class='ocrx_word' id='word_1_191' title='bbox 736 2272 785 2326; x_wconf 90' lang='lat' dir='ltr'>est</span> <span class='ocrx_word' id='word_1_192' title='bbox 812 2268 907 2326; x_wconf 86' lang='lat' dir='ltr'>etiam</span> <span class='ocrx_word' id='word_1_193' title='bbox 935 2272 966 2327; x_wconf 91' lang='lat' dir='ltr'>et</span> <span class='ocrx_word' id='word_1_194' title='bbox 994 2271 1070 2342; x_wconf 91' lang='lat' dir='ltr'>aput</span> <span class='ocrx_word' id='word_1_195' title='bbox 1098 2286 1166 2339; x_wconf 77' lang='lat' dir='ltr'>noS,</span> <span class='ocrx_word' id='word_1_196' title='bbox 1196 2271 1227 2326; x_wconf 89' lang='lat' dir='ltr'>et</span> <span class='ocrx_word' id='word_1_197' title='bbox 1256 2267 1340 2327; x_wconf 82' lang='lat' dir='ltr'>tacta</span> 
     </span>
     <span class='ocr_line' id='line_1_23' title="bbox 277 2356 1339 2432; baseline 0 -17"><span class='ocrx_word' id='word_1_198' title='bbox 277 2356 435 2415; x_wconf 87' lang='lat' dir='ltr'>oblatione</span> <span class='ocrx_word' id='word_1_199' title='bbox 467 2356 502 2415; x_wconf 89' lang='lat' dir='ltr'>fit</span> <span class='ocrx_word' id='word_1_200' title='bbox 533 2357 640 2416; x_wconf 87' lang='lat' dir='ltr'>missa.</span> <span class='ocrx_word' id='word_1_201' title='bbox 682 2357 719 2415; x_wconf 88' lang='lat' dir='ltr'>Et</span> <span class='ocrx_word' id='word_1_202' title='bbox 751 2360 822 2432; x_wconf 89' lang='lat' dir='ltr'>post</span> <span class='ocrx_word' id='word_1_203' title='bbox 852 2356 935 2415; x_wconf 85' lang='lat' dir='ltr'>tacta</span> <span class='ocrx_word' id='word_1_204' title='bbox 967 2358 1065 2416; x_wconf 89' lang='lat' dir='ltr'>missa</span> <span class='ocrx_word' id='word_1_205' title='bbox 1096 2356 1275 2432; x_wconf 84' lang='lat' dir='ltr'>uigiliarum</span> <span class='ocrx_word' id='word_1_206' title='bbox 1307 2357 1339 2415; x_wconf 91' lang='lat' dir='ltr'>in</span> 
     </span>
     <span class='ocr_line' id='line_1_24' title="bbox 278 2445 1339 2521; baseline 0 -17"><span class='ocrx_word' id='word_1_207' title='bbox 278 2445 409 2504; x_wconf 88' lang='lat' dir='ltr'>ecclesia</span> <span class='ocrx_word' id='word_1_208' title='bbox 439 2445 556 2504; x_wconf 88' lang='lat' dir='ltr'>maiore</span> <span class='ocrx_word' id='word_1_209' title='bbox 588 2447 694 2504; x_wconf 88' lang='lat' dir='ltr'>statim</span> <span class='ocrx_word' id='word_1_210' title='bbox 724 2464 795 2504; x_wconf 89' lang='lat' dir='ltr'>cum</span> <span class='ocrx_word' id='word_1_211' title='bbox 825 2447 928 2521; x_wconf 90' lang='lat' dir='ltr'>ymnis</span> <span class='ocrx_word' id='word_1_212' title='bbox 959 2445 1084 2504; x_wconf 89' lang='lat' dir='ltr'>uenitur</span> <span class='ocrx_word' id='word_1_213' title='bbox 1113 2446 1153 2505; x_wconf 90' lang='lat' dir='ltr'>ad</span> <span class='ocrx_word' id='word_1_214' title='bbox 1184 2446 1339 2505; x_wconf 89' lang='lat' dir='ltr'>Anastase</span> 
     </span>
     <span class='ocr_line' id='line_1_25' title="bbox 276 2533 1339 2611; baseline 0 -19"><span class='ocrx_word' id='word_1_215' title='bbox 276 2538 307 2592; x_wconf 90' lang='lat' dir='ltr'>et</span> <span class='ocrx_word' id='word_1_216' title='bbox 330 2533 373 2592; x_wconf 92' lang='lat' dir='ltr'>ibi</span> <span class='ocrx_word' id='word_1_217' title='bbox 400 2533 502 2593; x_wconf 91' lang='lat' dir='ltr'>denuo</span> <span class='ocrx_word' id='word_1_218' title='bbox 527 2535 639 2610; x_wconf 82' lang='lat' dir='ltr'>legitur</span> <span class='ocrx_word' id='word_1_219' title='bbox 663 2535 714 2593; x_wconf 88' lang='lat' dir='ltr'>ille</span> <span class='ocrx_word' id='word_1_220' title='bbox 740 2535 827 2594; x_wconf 91' lang='lat' dir='ltr'>locus</span> <span class='ocrx_word' id='word_1_221' title='bbox 852 2534 1006 2611; x_wconf 84' lang='lat' dir='ltr'>euangelii</span> <span class='ocrx_word' id='word_1_222' title='bbox 1032 2534 1277 2606; x_wconf 89' lang='lat' dir='ltr'>resurrectionis,</span> <span class='ocrx_word' id='word_1_223' title='bbox 1304 2534 1339 2592; x_wconf 92' lang='lat' dir='ltr'>fit</span> 
     </span>
     <span class='ocr_line' id='line_1_26' title="bbox 276 2623 1339 2699; baseline 0.003 -20"><span class='ocrx_word' id='word_1_224' title='bbox 276 2623 375 2681; x_wconf 91' lang='lat' dir='ltr'>oratio</span> <span class='ocrx_word' id='word_1_225' title='bbox 402 2627 433 2682; x_wconf 90' lang='lat' dir='ltr'>et</span> <span class='ocrx_word' id='word_1_226' title='bbox 459 2623 561 2682; x_wconf 90' lang='lat' dir='ltr'>denuo</span> <span class='ocrx_word' id='word_1_227' title='bbox 588 2623 631 2681; x_wconf 91' lang='lat' dir='ltr'>ibi</span> <span class='ocrx_word' id='word_1_228' title='bbox 658 2623 766 2682; x_wconf 82' lang='lat' dir='ltr'>offeret</span> <span class='ocrx_word' id='word_1_229' title='bbox 790 2625 973 2699; x_wconf 87' lang='lat' dir='ltr'>episcopus;</span> <span class='ocrx_word' id='word_1_230' title='bbox 1001 2624 1056 2682; x_wconf 89' lang='lat' dir='ltr'>sed</span> <span class='ocrx_word' id='word_1_231' title='bbox 1083 2628 1184 2683; x_wconf 91' lang='lat' dir='ltr'>totum</span> <span class='ocrx_word' id='word_1_232' title='bbox 1210 2624 1249 2682; x_wconf 85' lang='lat' dir='ltr'>ad</span> <span class='ocrx_word' id='word_1_233' title='bbox 1276 2643 1339 2682; x_wconf 90' lang='lat' dir='ltr'>mo·</span> 
     </span>
     <span class='ocr_line' id='line_1_27' title="bbox 276 2712 1340 2789; baseline 0.004 -20"><span class='ocrx_word' id='word_1_234' title='bbox 276 2717 415 2771; x_wconf 88' lang='lat' dir='ltr'>mentum</span> <span class='ocrx_word' id='word_1_235' title='bbox 443 2712 479 2770; x_wconf 91' lang='lat' dir='ltr'>fit</span> <span class='ocrx_word' id='word_1_236' title='bbox 505 2717 631 2788; x_wconf 89' lang='lat' dir='ltr'>propter</span> <span class='ocrx_word' id='word_1_237' title='bbox 658 2713 817 2789; x_wconf 91' lang='lat' dir='ltr'>populum,</span> <span class='ocrx_word' id='word_1_238' title='bbox 845 2732 885 2773; x_wconf 89' lang='lat' dir='ltr'>ne</span> <span class='ocrx_word' id='word_1_239' title='bbox 913 2713 1030 2773; x_wconf 89' lang='lat' dir='ltr'>diutius</span> <span class='ocrx_word' id='word_1_240' title='bbox 1058 2714 1205 2786; x_wconf 84' lang='lat' dir='ltr'>tardetur,</span> <span class='ocrx_word' id='word_1_241' title='bbox 1233 2717 1266 2772; x_wconf 91' lang='lat' dir='ltr'>et</span> <span class='ocrx_word' id='word_1_242' title='bbox 1293 2715 1340 2773; x_wconf 87' lang='lat' dir='ltr'>sic</span> 
     </span>
     <span class='ocr_line' id='line_1_28' title="bbox 275 2801 1339 2879; baseline 0.001 -20"><span class='ocrx_word' id='word_1_243' title='bbox 275 2801 339 2859; x_wconf 91' lang='lat' dir='ltr'>iam</span> <span class='ocrx_word' id='word_1_244' title='bbox 356 2801 529 2861; x_wconf 88' lang='lat' dir='ltr'>dimittetur</span> <span class='ocrx_word' id='word_1_245' title='bbox 545 2801 689 2878; x_wconf 91' lang='lat' dir='ltr'>populus.</span> <span class='ocrx_word' id='word_1_246' title='bbox 717 2801 761 2860; x_wconf 90' lang='lat' dir='ltr'>Ea</span> <span class='ocrx_word' id='word_1_247' title='bbox 779 2806 883 2861; x_wconf 88' lang='lat' dir='ltr'>autem</span> <span class='ocrx_word' id='word_1_248' title='bbox 900 2803 977 2861; x_wconf 90' lang='lat' dir='ltr'>hora</span> <span class='ocrx_word' id='word_1_249' title='bbox 994 2802 1030 2861; x_wconf 90' lang='lat' dir='ltr'>fit</span> <span class='ocrx_word' id='word_1_250' title='bbox 1046 2804 1144 2862; x_wconf 82' lang='lat' dir='ltr'>mIssa</span> <span class='ocrx_word' id='word_1_251' title='bbox 1161 2802 1339 2879; x_wconf 86' lang='lat' dir='ltr'>uigiliarum</span> 
     </span>
     <span class='ocr_line' id='line_1_29' title="bbox 273 2889 1102 2966; baseline 0.005 -19"><span class='ocrx_word' id='word_1_252' title='bbox 273 2890 343 2964; x_wconf 86' lang='lat' dir='ltr'>ipsa</span> <span class='ocrx_word' id='word_1_253' title='bbox 366 2889 425 2961; x_wconf 88' lang='lat' dir='ltr'>die,</span> <span class='ocrx_word' id='word_1_254' title='bbox 445 2908 511 2965; x_wconf 74' lang='lat' dir='ltr'>¹qua</span> <span class='ocrx_word' id='word_1_255' title='bbox 534 2892 611 2950; x_wconf 91' lang='lat' dir='ltr'>hora</span> <span class='ocrx_word' id='word_1_256' title='bbox 634 2895 664 2951; x_wconf 90' lang='lat' dir='ltr'>et</span> <span class='ocrx_word' id='word_1_257' title='bbox 685 2895 762 2966; x_wconf 91' lang='lat' dir='ltr'>aput</span> <span class='ocrx_word' id='word_1_258' title='bbox 782 2909 851 2950; x_wconf 75' lang='lat' dir='ltr'>nos,</span> <span class='ocrx_word' id='word_1_259' title='bbox 1099 2935 1102 2944; x_wconf 85' lang='lat'>.</span> 
     </span>
    </p>

    <p class='ocr_par' dir='ltr' id='par_1_7' title="bbox 273 2977 1384 3859">
     <span class='ocr_line' id='line_1_30' title="bbox 344 2977 1338 3057; baseline 0.003 -22"><span class='ocrx_word' id='word_1_260' title='bbox 344 2977 479 3037; x_wconf 90' lang='lat' dir='ltr'><strong>XXXIX.</strong></span> <span class='ocrx_word' id='word_1_261' title='bbox 517 2981 550 3042; x_wconf 87' lang='lat'>1.</span> <span class='ocrx_word' id='word_1_262' title='bbox 578 2980 653 3039; x_wconf 87' lang='lat' dir='ltr'>Sero</span> <span class='ocrx_word' id='word_1_263' title='bbox 681 2985 785 3040; x_wconf 87' lang='lat' dir='ltr'>autem</span> <span class='ocrx_word' id='word_1_264' title='bbox 811 2979 856 3038; x_wconf 89' lang='lat' dir='ltr'>illi</span> <span class='ocrx_word' id='word_1_265' title='bbox 883 2980 950 3040; x_wconf 89' lang='lat' dir='ltr'>dies</span> <span class='ocrx_word' id='word_1_266' title='bbox 977 2981 1142 3057; x_wconf 85' lang='lat' dir='ltr'>paschales</span> <span class='ocrx_word' id='word_1_267' title='bbox 1168 2982 1213 3040; x_wconf 90' lang='lat' dir='ltr'>sic</span> <span class='ocrx_word' id='word_1_268' title='bbox 1241 2986 1338 3040; x_wconf 89' lang='lat' dir='ltr'>atten-</span> 
     </span>
     <span class='ocr_line' id='line_1_31' title="bbox 275 3067 1339 3143; baseline 0.003 -18"><span class='ocrx_word' id='word_1_269' title='bbox 275 3067 399 3139; x_wconf 85' lang='lat' dir='ltr'>duntur,</span> <span class='ocrx_word' id='word_1_270' title='bbox 416 3068 679 3143; x_wconf 90' lang='lat' dir='ltr'>quemadmodum</span> <span class='ocrx_word' id='word_1_271' title='bbox 696 3069 781 3129; x_wconf 87' lang='lat' dir='ltr'>etad</span> <span class='ocrx_word' id='word_1_272' title='bbox 797 3088 865 3141; x_wconf 78' lang='lat' dir='ltr'>neS,</span> <span class='ocrx_word' id='word_1_273' title='bbox 882 3073 914 3128; x_wconf 90' lang='lat' dir='ltr'>et</span> <span class='ocrx_word' id='word_1_274' title='bbox 928 3069 1036 3128; x_wconf 89' lang='lat' dir='ltr'>ordine</span> <span class='ocrx_word' id='word_1_275' title='bbox 1053 3088 1111 3129; x_wconf 91' lang='lat' dir='ltr'>suo</span> <span class='ocrx_word' id='word_1_276' title='bbox 1128 3068 1207 3129; x_wconf 90' lang='lat' dir='ltr'>fiunt</span> <span class='ocrx_word' id='word_1_277' title='bbox 1222 3070 1339 3130; x_wconf 88' lang='lat' dir='ltr'>missae</span> 
     </span>
     <span class='ocr_line' id='line_1_32' title="bbox 274 3156 1339 3234; baseline 0.003 -20"><span class='ocrx_word' id='word_1_278' title='bbox 274 3173 330 3231; x_wconf 81' lang='lat' dir='ltr'>per</span> <span class='ocrx_word' id='word_1_279' title='bbox 344 3159 415 3215; x_wconf 91' lang='lat' dir='ltr'>octo</span> <span class='ocrx_word' id='word_1_280' title='bbox 433 3156 499 3216; x_wconf 89' lang='lat' dir='ltr'>dies</span> <span class='ocrx_word' id='word_1_281' title='bbox 516 3157 689 3232; x_wconf 72' lang='lat' dir='ltr'>paschales</span> <span class='ocrx_word' id='word_1_282' title='bbox 707 3158 787 3218; x_wconf 88' lang='lat' dir='ltr'>sicut</span> <span class='ocrx_word' id='word_1_283' title='bbox 802 3162 834 3217; x_wconf 88' lang='lat' dir='ltr'>et</span> <span class='ocrx_word' id='word_1_284' title='bbox 849 3159 965 3234; x_wconf 88' lang='lat' dir='ltr'>ubique</span> <span class='ocrx_word' id='word_1_285' title='bbox 982 3157 1017 3217; x_wconf 91' lang='lat' dir='ltr'>fit</span> <span class='ocrx_word' id='word_1_286' title='bbox 1032 3176 1088 3234; x_wconf 88' lang='lat' dir='ltr'>per</span> <span class='ocrx_word' id='word_1_287' title='bbox 1103 3159 1220 3234; x_wconf 88' lang='lat' dir='ltr'>pascha</span> <span class='ocrx_word' id='word_1_288' title='bbox 1236 3177 1339 3234; x_wconf 88' lang='lat' dir='ltr'>usque</span> 
     </span>
     <span class='ocr_line' id='line_1_33' title="bbox 275 3243 1339 3323; baseline 0.005 -21"><span class='ocrx_word' id='word_1_289' title='bbox 275 3243 315 3302; x_wconf 90' lang='lat' dir='ltr'>ad</span> <span class='ocrx_word' id='word_1_290' title='bbox 334 3248 474 3304; x_wconf 86' lang='lat' dir='ltr'>octauas.</span> <span class='ocrx_word' id='word_1_291' title='bbox 504 3245 560 3305; x_wconf 85' lang='lat' dir='ltr'>HIc</span> <span class='ocrx_word' id='word_1_292' title='bbox 580 3251 686 3306; x_wconf 89' lang='lat' dir='ltr'>autem</span> <span class='ocrx_word' id='word_1_293' title='bbox 706 3246 774 3321; x_wconf 87' lang='lat' dir='ltr'>ipse</span> <span class='ocrx_word' id='word_1_294' title='bbox 793 3251 922 3306; x_wconf 89' lang='lat' dir='ltr'>ornatus</span> <span class='ocrx_word' id='word_1_295' title='bbox 943 3251 991 3306; x_wconf 91' lang='lat' dir='ltr'>est</span> <span class='ocrx_word' id='word_1_296' title='bbox 1011 3251 1041 3306; x_wconf 90' lang='lat' dir='ltr'>et</span> <span class='ocrx_word' id='word_1_297' title='bbox 1062 3249 1131 3323; x_wconf 90' lang='lat' dir='ltr'>ipsa</span> <span class='ocrx_word' id='word_1_298' title='bbox 1151 3248 1339 3323; x_wconf 87' lang='lat' dir='ltr'>compositio</span> 
     </span>
     <span class='ocr_line' id='line_1_34' title="bbox 275 3335 1339 3412; baseline 0.003 -20"><span class='ocrx_word' id='word_1_299' title='bbox 275 3336 306 3392; x_wconf 91' lang='lat' dir='ltr'>et</span> <span class='ocrx_word' id='word_1_300' title='bbox 329 3351 385 3408; x_wconf 88' lang='lat' dir='ltr'>per</span> <span class='ocrx_word' id='word_1_301' title='bbox 411 3337 481 3393; x_wconf 89' lang='lat' dir='ltr'>octo</span> <span class='ocrx_word' id='word_1_302' title='bbox 507 3335 574 3394; x_wconf 89' lang='lat' dir='ltr'>dies</span> <span class='ocrx_word' id='word_1_303' title='bbox 599 3336 744 3410; x_wconf 88' lang='lat' dir='ltr'>paschae,</span> <span class='ocrx_word' id='word_1_304' title='bbox 770 3353 849 3411; x_wconf 86' lang='lat' dir='ltr'>quae</span> <span class='ocrx_word' id='word_1_305' title='bbox 875 3340 905 3396; x_wconf 89' lang='lat' dir='ltr'>et</span> <span class='ocrx_word' id='word_1_306' title='bbox 930 3354 985 3412; x_wconf 90' lang='lat' dir='ltr'>per</span> <span class='ocrx_word' id='word_1_307' title='bbox 1010 3337 1187 3412; x_wconf 88' lang='lat' dir='ltr'>epiphania,</span> <span class='ocrx_word' id='word_1_308' title='bbox 1214 3341 1279 3396; x_wconf 87' lang='lat' dir='ltr'>tam</span> <span class='ocrx_word' id='word_1_309' title='bbox 1305 3338 1339 3397; x_wconf 91' lang='lat' dir='ltr'>in</span> 
     </span>
     <span class='ocr_line' id='line_1_35' title="bbox 275 3419 1384 3503; baseline 0 -23"><span class='ocrx_word' id='word_1_310' title='bbox 275 3419 415 3481; x_wconf 83' lang='lat' dir='ltr'>ecclesia</span> <span class='ocrx_word' id='word_1_311' title='bbox 429 3422 546 3483; x_wconf 88' lang='lat' dir='ltr'>maiore</span> <span class='ocrx_word' id='word_1_312' title='bbox 568 3441 662 3500; x_wconf 87' lang='lat' dir='ltr'>quam</span> <span class='ocrx_word' id='word_1_313' title='bbox 684 3425 723 3482; x_wconf 91' lang='lat' dir='ltr'>ad</span> <span class='ocrx_word' id='word_1_314' title='bbox 745 3424 899 3486; x_wconf 87' lang='lat' dir='ltr'>Anastase</span> <span class='ocrx_word' id='word_1_315' title='bbox 920 3426 1036 3485; x_wconf 90' lang='lat' dir='ltr'>autad</span> <span class='ocrx_word' id='word_1_316' title='bbox 1060 3425 1189 3486; x_wconf 86' lang='lat' dir='ltr'>Crucem</span> <span class='ocrx_word' id='word_1_317' title='bbox 1211 3427 1262 3485; x_wconf 89' lang='lat' dir='ltr'>uel</span> <span class='ocrx_word' id='word_1_318' title='bbox 1282 3425 1286 3503; x_wconf 75' lang='lat' dir='ltr'>l</span> <span class='ocrx_word' id='word_1_319' title='bbox 1305 3428 1339 3486; x_wconf 95' lang='lat' dir='ltr'>in</span> <span class='ocrx_word' id='word_1_320' title='bbox 1355 3434 1384 3480; x_wconf 74' lang='lat' dir='ltr'>ot</span> 
     </span>
     <span class='ocr_line' id='line_1_36' title="bbox 275 3511 1339 3594; baseline 0.004 -25"><span class='ocrx_word' id='word_1_321' title='bbox 275 3511 400 3594; x_wconf 88' lang='lat' dir='ltr'>Eleona,</span> <span class='ocrx_word' id='word_1_322' title='bbox 425 3512 480 3572; x_wconf 88' lang='lat' dir='ltr'>sed</span> <span class='ocrx_word' id='word_1_323' title='bbox 503 3516 535 3571; x_wconf 90' lang='lat' dir='ltr'>et</span> <span class='ocrx_word' id='word_1_324' title='bbox 555 3513 588 3571; x_wconf 96' lang='lat' dir='ltr'>in</span> <span class='ocrx_word' id='word_1_325' title='bbox 611 3512 769 3572; x_wconf 83' lang='lat' dir='ltr'>Bethleem</span> <span class='ocrx_word' id='word_1_326' title='bbox 790 3531 848 3572; x_wconf 91' lang='lat' dir='ltr'>nec</span> <span class='ocrx_word' id='word_1_327' title='bbox 871 3532 935 3573; x_wconf 91' lang='lat' dir='ltr'>non</span> <span class='ocrx_word' id='word_1_328' title='bbox 957 3515 1051 3574; x_wconf 90' lang='lat' dir='ltr'>etiam</span> <span class='ocrx_word' id='word_1_329' title='bbox 1074 3516 1107 3574; x_wconf 94' lang='lat' dir='ltr'>in</span> <span class='ocrx_word' id='word_1_330' title='bbox 1130 3515 1262 3575; x_wconf 89' lang='lat' dir='ltr'>Lazariu</span> <span class='ocrx_word' id='word_1_331' title='bbox 1285 3516 1339 3574; x_wconf 89' lang='lat' dir='ltr'>uel</span> 
     </span>
     <span class='ocr_line' id='line_1_37' title="bbox 273 3599 1341 3681; baseline 0.005 -23"><span class='ocrx_word' id='word_1_332' title='bbox 273 3599 399 3676; x_wconf 89' lang='lat' dir='ltr'>ubique,</span> <span class='ocrx_word' id='word_1_333' title='bbox 419 3600 493 3676; x_wconf 90' lang='lat' dir='ltr'>quia</span> <span class='ocrx_word' id='word_1_334' title='bbox 512 3601 579 3661; x_wconf 89' lang='lat' dir='ltr'>dies</span> <span class='ocrx_word' id='word_1_335' title='bbox 599 3603 762 3676; x_wconf 86' lang='lat' dir='ltr'>paschales</span> <span class='ocrx_word' id='word_1_336' title='bbox 782 3607 863 3662; x_wconf 87' lang='lat' dir='ltr'>sunt.</span> <span class='ocrx_word' id='word_1_337' title='bbox 892 3604 926 3666; x_wconf 83' lang='lat'>2.</span> <span class='ocrx_word' id='word_1_338' title='bbox 945 3604 1125 3663; x_wconf 79' lang='lat' dir='ltr'>Proceditur</span> <span class='ocrx_word' id='word_1_339' title='bbox 1144 3610 1249 3664; x_wconf 89' lang='lat' dir='ltr'>autem</span> <span class='ocrx_word' id='word_1_340' title='bbox 1267 3605 1341 3681; x_wconf 91' lang='lat' dir='ltr'>ipsa</span> 
     </span>
     <span class='ocr_line' id='line_1_38' title="bbox 275 3689 1340 3771; baseline 0.004 -23"><span class='ocrx_word' id='word_1_341' title='bbox 275 3689 325 3748; x_wconf 90' lang='lat' dir='ltr'>die</span> <span class='ocrx_word' id='word_1_342' title='bbox 342 3689 498 3748; x_wconf 85' lang='lat' dir='ltr'>dominica</span> <span class='ocrx_word' id='word_1_343' title='bbox 515 3691 615 3765; x_wconf 90' lang='lat' dir='ltr'>prima</span> <span class='ocrx_word' id='word_1_344' title='bbox 630 3690 664 3749; x_wconf 90' lang='lat' dir='ltr'>in</span> <span class='ocrx_word' id='word_1_345' title='bbox 681 3691 813 3751; x_wconf 89' lang='lat' dir='ltr'>ecclesia</span> <span class='ocrx_word' id='word_1_346' title='bbox 829 3691 956 3765; x_wconf 88' lang='lat' dir='ltr'>maiore,</span> <span class='ocrx_word' id='word_1_347' title='bbox 973 3693 1005 3752; x_wconf 95' lang='lat' dir='ltr'>id</span> <span class='ocrx_word' id='word_1_348' title='bbox 1021 3698 1070 3752; x_wconf 90' lang='lat' dir='ltr'>est</span> <span class='ocrx_word' id='word_1_349' title='bbox 1086 3694 1128 3753; x_wconf 89' lang='lat' dir='ltr'>ad</span> <span class='ocrx_word' id='word_1_350' title='bbox 1144 3693 1340 3771; x_wconf 77' lang='lat' dir='ltr'>Martyrium,</span> 
     </span>
     <span class='ocr_line' id='line_1_39' title="bbox 275 3779 1341 3859; baseline 0.004 -23"><span class='ocrx_word' id='word_1_351' title='bbox 275 3783 305 3836; x_wconf 90' lang='lat' dir='ltr'>et</span> <span class='ocrx_word' id='word_1_352' title='bbox 329 3779 467 3837; x_wconf 89' lang='lat' dir='ltr'>secunda</span> <span class='ocrx_word' id='word_1_353' title='bbox 489 3779 567 3838; x_wconf 82' lang='lat' dir='ltr'>teria</span> <span class='ocrx_word' id='word_1_354' title='bbox 590 3784 622 3838; x_wconf 90' lang='lat' dir='ltr'>et</span> <span class='ocrx_word' id='word_1_355' title='bbox 645 3780 735 3840; x_wconf 88' lang='lat' dir='ltr'>tertia</span> <span class='ocrx_word' id='word_1_356' title='bbox 757 3781 845 3853; x_wconf 80' lang='lat' dir='ltr'>seria,</span> <span class='ocrx_word' id='word_1_357' title='bbox 870 3782 923 3840; x_wconf 92' lang='lat' dir='ltr'>uhi</span> <span class='ocrx_word' id='word_1_358' title='bbox 948 3782 992 3840; x_wconf 81' lang='lat' dir='ltr'>ila</span> <span class='ocrx_word' id='word_1_359' title='bbox 1015 3785 1130 3855; x_wconf 89' lang='lat' dir='ltr'>tamen,</span> <span class='ocrx_word' id='word_1_360' title='bbox 1155 3787 1189 3841; x_wconf 91' lang='lat' dir='ltr'>ut</span> <span class='ocrx_word' id='word_1_361' title='bbox 1213 3800 1341 3859; x_wconf 89' lang='lat' dir='ltr'>semper</span> 
     </span>
    </p>
   </div>
   <div class='ocr_carea' id='block_1_3' title="bbox 206 3866 1429 4126">
    <p class='ocr_par' dir='ltr' id='par_1_8' title="bbox 206 3866 1429 4126">
     <span class='ocr_line' id='line_1_40' title="bbox 274 3866 1339 3947; baseline 0.006 -23"><span class='ocrx_word' id='word_1_362' title='bbox 274 3866 371 3926; x_wconf 88' lang='lat' dir='ltr'>missa</span> <span class='ocrx_word' id='word_1_363' title='bbox 393 3867 476 3926; x_wconf 82' lang='lat' dir='ltr'>tacta</span> <span class='ocrx_word' id='word_1_364' title='bbox 498 3867 536 3927; x_wconf 87' lang='lat' dir='ltr'>de</span> <span class='ocrx_word' id='word_1_365' title='bbox 557 3867 704 3945; x_wconf 88' lang='lat' dir='ltr'>Martyrio</span> <span class='ocrx_word' id='word_1_366' title='bbox 726 3870 766 3928; x_wconf 90' lang='lat' dir='ltr'>ad</span> <span class='ocrx_word' id='word_1_367' title='bbox 786 3870 940 3931; x_wconf 85' lang='lat' dir='ltr'>Anastase</span> <span class='ocrx_word' id='word_1_368' title='bbox 962 3873 1107 3930; x_wconf 90' lang='lat' dir='ltr'>ueniatur</span> <span class='ocrx_word' id='word_1_369' title='bbox 1128 3889 1199 3930; x_wconf 91' lang='lat' dir='ltr'>cum</span> <span class='ocrx_word' id='word_1_370' title='bbox 1221 3874 1339 3947; x_wconf 90' lang='lat' dir='ltr'>ymnis.</span> 
     </span>
     <span class='ocr_line' id='line_1_41' title="bbox 275 3954 1429 4038; baseline 0.005 -25"><span class='ocrx_word' id='word_1_371' title='bbox 275 3954 391 4030; x_wconf 82' lang='lat' dir='ltr'>Quarta</span> <span class='ocrx_word' id='word_1_372' title='bbox 415 3957 493 4015; x_wconf 84' lang='lat' dir='ltr'>feria</span> <span class='ocrx_word' id='word_1_373' title='bbox 518 3960 623 4017; x_wconf 88' lang='lat' dir='ltr'>autem</span> <span class='ocrx_word' id='word_1_374' title='bbox 648 3959 680 4016; x_wconf 93' lang='lat' dir='ltr'>in</span> <span class='ocrx_word' id='word_1_375' title='bbox 705 3959 822 4018; x_wconf 89' lang='lat' dir='ltr'>Eleona</span> <span class='ocrx_word' id='word_1_376' title='bbox 846 3960 1033 4034; x_wconf 89' lang='lat' dir='ltr'>proceditur,</span> <span class='ocrx_word' id='word_1_377' title='bbox 1059 3961 1168 4036; x_wconf 91' lang='lat' dir='ltr'>quinta</span> <span class='ocrx_word' id='word_1_378' title='bbox 1193 3961 1272 4020; x_wconf 82' lang='lat' dir='ltr'>feria</span> <span class='ocrx_word' id='word_1_379' title='bbox 1296 3961 1340 4020; x_wconf 87' lang='lat' dir='ltr'>ad</span> <span class='ocrx_word' id='word_1_380' title='bbox 1428 4017 1429 4038; x_wconf 56' lang='lat'>,</span> 
     </span>
     <span class='ocr_line' id='line_1_42' title="bbox 206 4043 1340 4126; baseline 0.007 -26"><span class='ocrx_word' id='word_1_381' title='bbox 206 4113 209 4124; x_wconf 34' lang='grc' dir='ltr'>Ι</span> <span class='ocrx_word' id='word_1_382' title='bbox 274 4043 436 4116; x_wconf 81' lang='lat' dir='ltr'>Anastase,</span> <span class='ocrx_word' id='word_1_383' title='bbox 468 4050 556 4105; x_wconf 87' lang='lat' dir='ltr'>sexta</span> <span class='ocrx_word' id='word_1_384' title='bbox 586 4046 664 4106; x_wconf 88' lang='lat' dir='ltr'>feria</span> <span class='ocrx_word' id='word_1_385' title='bbox 693 4048 725 4106; x_wconf 95' lang='lat' dir='ltr'>in</span> <span class='ocrx_word' id='word_1_386' title='bbox 756 4048 850 4126; x_wconf 88' lang='lat' dir='ltr'>Syon,</span> <span class='ocrx_word' id='word_1_387' title='bbox 882 4049 1012 4108; x_wconf 88' lang='lat' dir='ltr'>sabbato</span> <span class='ocrx_word' id='word_1_388' title='bbox 1043 4053 1115 4109; x_wconf 86' lang='lat' dir='ltr'>ante</span> <span class='ocrx_word' id='word_1_389' title='bbox 1147 4049 1254 4122; x_wconf 84' lang='lat' dir='ltr'>Cruce,</span> <span class='ocrx_word' id='word_1_390' title='bbox 1286 4050 1340 4108; x_wconf 94' lang='lat' dir='ltr'>do-</span> 
     </span>
    </p>
   </div>
   <div class='ocr_carea' id='block_1_4' title="bbox 0 0 1446 4738">
    <p class='ocr_par' dir='ltr' id='par_1_9' title="bbox 0 0 1446 4738">
     <span class='ocr_line' id='line_1_43' title="bbox 0 0 1446 4738; baseline 0 0"><span class='ocrx_word' id='word_1_391' title='bbox 0 0 1446 4738; x_wconf 95' lang='lat' dir='ltr'> </span> 
     </span>
    </p>
   </div>
  </div>
 </body>
</html>
