2884 4738
720 329 925 387 ..25-

199 501 266 544 ese.
296 489 328 548 hi
360 492 463 548 tamen
494 488 548 564 qui
579 491 655 546 sunt
682 487 808 546 ascites.
858 485 937 544 Nam
969 486 1042 544 nolo
1072 485 1196 545 estimet
1226 485 1347 544 affectio
1421 523 1422 562 p

293 583 398 638 uestra
429 578 653 636 monachorum
684 576 854 652 aliquando
888 575 1081 652 [aliquando]
1113 575 1192 634 alias
1224 575 1347 633 fabulas
1421 575 1422 626 t

294 685 364 726 esse
395 667 458 726 nisi
489 671 545 726 aul
574 667 612 725 de
642 665 804 741 scripturis
836 665 891 724 Dei
922 668 978 726 aut
1007 669 1094 740 gesta
1123 665 1350 723 monachorum

293 759 456 818 maiorum.
1421 749 1422 752 ’

364 845 444 904 ΧΧΙ.
475 847 507 909 1.
536 845 610 904 Post
637 845 732 908 biduo
760 849 866 904 autem
894 860 988 920 quam
1016 843 1060 902 ibi
1087 843 1231 914 feceram,
1261 843 1351 902 duxit

293 953 356 995 nos.
376 937 543 1010 episcopus
569 935 609 993 ad
632 939 758 1009 puteum
782 934 881 1005 illum,
906 933 960 992 ubi
985 933 1198 1009 adaquauerat
1220 936 1349 992 sanctus
1421 959 1422 992 r

295 1025 387 1085 Iacob
416 1041 530 1100 pecora
558 1028 684 1083 sanctae
714 1023 841 1094 Rachel,
872 1024 925 1098 qui
955 1028 1066 1098 puteus
1097 1026 1186 1081 sexto
1214 1021 1349 1080 miliario

292 1119 341 1175 est
366 1133 387 1173 a
415 1114 548 1174 Charris.
585 1116 620 1173 ln
648 1114 736 1174 cuius
763 1113 849 1190 putei
876 1114 1027 1172 honorem
1055 1112 1206 1171 fabricata
1232 1116 1282 1170 est
1308 1111 1352 1169 ibi
1421 1171 1422 1178 χ

294 1207 382 1264 iuxta
407 1207 515 1262 sancta
538 1203 675 1262 ecclesia
697 1203 807 1278 Ingens
831 1202 924 1260 ualde
948 1204 981 1260 et
1005 1201 1144 1277 pulchra.
1186 1199 1233 1258 Ad
1253 1212 1353 1276 quem·

295 1298 421 1369 puteum
453 1308 524 1352 cum
555 1293 764 1364 uenissemuS,
796 1291 880 1350 facta
908 1294 958 1350 est
988 1291 1028 1349 ab
1059 1291 1208 1366 episcopo
1238 1288 1349 1360 oratio,
1421 1309 1422 1320 .

295 1383 393 1442 lectus
422 1383 519 1441 etiarn
551 1382 638 1442 locus
671 1383 738 1457 Ipse
770 1381 808 1440 de
841 1380 963 1460 Genesi,
1005 1380 1107 1439 dIctus
1138 1378 1233 1438 etiam
1265 1397 1350 1437 unus

293 1471 431 1547 psalmus
459 1476 638 1546 competens
667 1472 736 1530 loco
764 1475 856 1546 atque
883 1463 996 1529 iterata
1020 1471 1163 1529 oratione
1192 1467 1350 1528 benedixit

199 1575 226 1618 m
241 1574 352 1620 eanos
378 1563 555 1636 episcopus.
601 1563 634 1624 2.
659 1560 800 1619 Vidimus
825 1559 920 1620 etiam
946 1560 1016 1618 loco
1043 1559 1130 1618 iuxta
1155 1562 1284 1633 puteum
1310 1558 1350 1615 ia·
1421 1553 1422 1564 ¹

292 1655 412 1722 centem
430 1652 566 1726 lapidem
584 1651 673 1709 illum
692 1650 850 1710 Infinitum
868 1651 972 1721 nimiS,
993 1666 1085 1725 quem
1105 1651 1247 1707 mouerat
1267 1665 1352 1707 sanc·
1421 1663 1422 1666 ’

295 1745 344 1799 tus
374 1740 466 1799 Iacob
496 1758 514 1798 a
542 1744 646 1816 puteo,
677 1739 730 1815 qui
759 1757 859 1815 usque
888 1737 981 1798 hodie
1009 1738 1193 1798 ostenditur.
1241 1738 1275 1802 3.
1305 1737 1350 1795 Ibi

293 1833 398 1890 autern
428 1831 511 1889 clrca
541 1834 635 1906 puteo
664 1829 743 1888 nulli
772 1827 826 1887 alii
857 1831 1057 1888 commanent
1086 1827 1146 1886 nisi
1176 1826 1281 1886 clerici
1311 1826 1348 1884 de

295 1925 364 1995 ipsa
396 1919 537 1990 ecclesia,
569 1936 650 1995 quae
680 1918 723 1976 ibi
752 1922 810 1989 est,
841 1922 873 1977 et
903 1916 1048 1976 monachi
1078 1917 1230 1975 habentes
1261 1916 1349 1974 iuxta
1421 1923 1422 1928 ’

293 2010 483 2069 monasteria
514 2025 580 2080 sua,
612 2025 745 2084 quorum
773 2007 873 2066 ultam
901 2011 1030 2066 sanctus
1059 2005 1226 2082 episcopus
1258 2005 1348 2063 nobis
1421 2039 1422 2050 ι

295 2098 409 2170 retulit,
439 2097 494 2157 sed
521 2113 595 2157 uere
623 2097 804 2156 inauditam.
851 2093 896 2154 A'c
924 2096 968 2154 sic
996 2113 1069 2172 ergo
1097 2095 1180 2154 facta
1208 2093 1350 2153 oratione

292 2189 326 2248 in
358 2189 489 2248 ecclesia
521 2187 638 2246 accessi
671 2205 742 2245 cum
772 2187 919 2261 episcopo
952 2186 991 2244 ad
1023 2189 1148 2244 sanctos
1180 2185 1350 2243 monachos

294 2295 350 2354 per
378 2277 568 2336 monasteria
598 2277 747 2352 ipsorum,
776 2279 809 2334 et
837 2276 901 2334 Deo
932 2273 1046 2350 gratias
1076 2291 1171 2350 agens
1200 2275 1232 2331 et
1261 2272 1348 2351 Ipsi5,

295 2367 348 2444 qui
376 2365 494 2442 dignati
521 2369 596 2424 sunt
621 2383 671 2424 me
698 2383 753 2440 per
779 2364 969 2424 monasteria
996 2381 1064 2435 sua,
1091 2363 1280 2439 ubicumque
1308 2363 1349 2421 in-

296 2474 402 2532 gnessa
428 2473 508 2527 sum,
538 2455 647 2514 libenti
674 2455 780 2514 animo
809 2453 966 2529 suscipere
994 2456 1027 2513 et
1053 2452 1170 2528 alloqui
1198 2451 1260 2511 illle
1290 2469 1350 2511 ser-

293 2545 449 2616 monibus,
469 2561 547 2620 quos
566 2545 696 2620 dignum
711 2549 780 2602 erat
796 2544 834 2602 de
852 2561 907 2603 ore
924 2544 1050 2602 illorum
1067 2541 1242 2618 procedere.
1271 2541 1351 2600 Nam

292 2639 325 2694 et
341 2635 481 2710 eulogias
499 2635 619 2710 dignati
637 2636 711 2694 sunt
728 2634 802 2692 dare
819 2632 913 2690 michi
931 2635 963 2691 et
981 2631 1136 2702 omnibus,
1155 2630 1208 2707 qui
1225 2647 1350 2692 mecum

292 2728 392 2796 erant,
413 2725 494 2784 sicut
511 2729 561 2783 est
580 2723 774 2783 consuetudo
791 2721 954 2782 monachis
972 2722 1057 2793 dare,
1078 2721 1126 2779 his
1144 2725 1251 2780 tamen
1270 2731 1353 2796 quos·

295 2812 404 2873 libenti
429 2815 533 2872 ammo
560 2813 735 2890 suscipiunt
758 2813 790 2870 in
814 2809 1013 2871 monasteriis
1038 2809 1114 2870 suis.
1158 2809 1191 2873 4.
1215 2810 1254 2868 El
1278 2827 1350 2886 quo·

293 2905 378 2962 niam
403 2904 470 2978 ipse
495 2903 581 2962 locus
604 2903 638 2961 in
662 2918 772 2977 campo
796 2901 904 2976 grandi
927 2905 984 2971 est,
1008 2901 1047 2959 de
1071 2903 1178 2959 contra
1202 2903 1349 2958 ostensus

293 2998 342 3052 est
368 2993 462 3051 michi
489 3011 510 3054 a
536 2996 644 3052 sancto
670 2992 818 3068 episcopo
845 2991 934 3049 uicus
962 2990 1072 3066 ingens
1099 2989 1175 3048 satis
1203 2988 1283 3048 torte
1310 2988 1352 3048 ad

293 3083 477 3160 quingentos
503 3099 614 3158 passos
641 3082 679 3142 de
705 3084 807 3156 puteo,
833 3098 888 3156 per
914 3097 1006 3155 quem
1030 3080 1134 3138 uicum
1160 3080 1220 3138 lter
1245 3079 1352 3138 habui-

293 3187 372 3230 mus
418 3171 475 3231 Hic
501 3175 607 3230 autem
632 3171 733 3241 uicus,
761 3173 913 3246 quantum
937 3168 1105 3243 episcopus
1133 3166 1264 3238 dicebat,
1292 3167 1352 3227 fuit

295 3261 451 3337 quondam
477 3260 555 3319 uilla
581 3259 689 3318 Laban
716 3258 787 3329 Siri,
815 3259 867 3334 qui
893 3259 983 3317 uicus
1011 3257 1186 3332 appellatur
1212 3256 1349 3315 Fadana.

294 3350 372 3408 Nam
390 3354 519 3408 ostensa
535 3352 586 3408 est
602 3348 698 3407 michi
715 3348 749 3406 in
766 3347 836 3422 ipso
854 3347 925 3407 uico
943 3346 1095 3407 memoria
1111 3345 1220 3405 Laban
1238 3345 1310 3418 Siri,
1349 3339 1353 3429 1

294 3439 392 3499 soceri
416 3439 516 3511 Iacob,
540 3442 687 3498 ostensus
710 3442 759 3497 est
781 3438 877 3497 etiam
901 3437 994 3496 mIchi
1018 3437 1115 3508 locus,
1141 3436 1223 3494 unde
1246 3435 1351 3494 furata
1368 3446 1394 3488 u

258 3569 264 3582 .
293 3532 343 3587 est
370 3525 487 3586 Rachel
515 3526 600 3586 idola
626 3526 724 3601 patris
750 3525 810 3588 sui.
857 3528 890 3590 5.
919 3526 962 3583 Ac
989 3524 1036 3584 sic
1062 3540 1135 3600 ergo
1162 3523 1196 3582 In
1223 3524 1353 3583 nomine

293 3618 345 3677 Dei
369 3617 501 3693 peruisis
524 3617 668 3675 omnihus
688 3615 806 3675 iaciens
827 3615 897 3673 uale
918 3618 1026 3673 sancto
1046 3613 1192 3689 episcopo
1214 3616 1245 3672 et
1265 3631 1353 3672 sanc-

295 3708 336 3765 tis
366 3706 537 3777 monache,
569 3705 623 3781 qui
653 3721 712 3762 nos
741 3717 841 3780 usque
871 3703 911 3762 ad
942 3702 1031 3761 illurn
1060 3704 1164 3761 locum
1194 3699 1356 3762 deducere

294 3796 412 3872 dignati
443 3795 575 3866 fuerant,
606 3793 740 3870 regressi
767 3809 876 3857 sumus
906 3809 961 3868 per
989 3791 1049 3852 iter
1077 3791 1129 3850 uel
1158 3791 1351 3863 mansiones,

295 3902 372 3962 quas
395 3901 579 3944 ueneramus
602 3885 640 3943 de
662 3883 836 3942 Anthiocia.

364 3973 457 4032 XXII.
485 3977 517 4037 1.
543 3973 710 4033 Anthiocia
734 3976 837 4032 autem
862 3988 933 4030 cum
958 3970 1089 4030 fuissem
1115 3987 1264 4046 regressa,
1291 3969 1352 4030 ieci

184 4139 187 4150 1
293 4063 491 4140 postmodum
512 4063 695 4138 septimana,
717 4079 879 4138 quousque
897 4078 944 4131 ea,
964 4077 1043 4137 quae
1063 4058 1243 4120 necessaria
1261 4063 1354 4118 erant
1390 4132 1393 4138 y
