2884 4738
520 295 727 354 ..41-

93 461 164 534 apte
195 455 256 516 diei
287 460 318 516 et
346 456 425 527 loco,
457 453 601 515 similitor
629 458 661 513 et
690 453 840 513 lectiones
870 451 1016 512 dicuntur
1023 473 1030 524 ;
1061 451 1152 513 inter-

92 547 214 623 positae
234 545 393 604 orationes
416 543 511 615 fiunt;
534 544 604 602 loca
625 544 721 603 etiam
743 559 781 600 ea
803 542 841 601 de
865 542 1027 618 euangelio
1050 542 1152 618 legun·

93 639 151 707 tur,
172 636 205 693 in
227 633 341 710 quihus
362 633 514 692 Dominus
535 633 690 691 aDocutus
711 635 760 691 est
780 631 950 707 discipulos
972 631 1082 691 eadem
1103 630 1153 690 die

93 725 206 784 sedens
225 724 258 782 in
278 723 387 783 eadem
407 723 564 797 spelunca,
586 738 665 797 quae
683 720 717 779 in
737 723 807 795 ipsa
825 721 958 780 ecclesia
976 724 1033 780 est.
1062 721 1096 782 4.
1117 720 1154 778 Et

91 813 164 872 inde
184 813 248 871 iam
270 813 347 871 hora
366 813 469 870 noctis
491 810 623 870 forsitan
645 814 734 870 sexta
754 809 816 868 itur
838 827 915 868 susu
936 808 969 868 in
991 809 1154 868 Imbomon

92 920 163 960 cum
179 901 282 978 ymnis
298 901 332 960 in
349 918 386 960 eo
402 901 480 972 loco,
497 900 580 959 unde
597 899 738 960 ascendit
754 899 906 958 Dominus
921 898 955 956 in
971 897 1074 958 caelis.
1094 897 1098 973 l
1117 897 1155 956 Et
1169 907 1199 951 oo

90 987 134 1049 ibi
156 988 258 1048 denuo
288 989 432 1050 similiter
455 987 605 1048 lectiones
628 993 660 1048 et
682 987 769 1064 ymni
794 992 825 1047 et
848 988 1037 1063 antiphonae
1062 991 1153 1062 aptae

92 1079 154 1140 diei
174 1080 319 1139 dicuntur
325 1101 334 1151 ;
353 1079 512 1138 orationes
532 1077 627 1144 etiarn
646 1078 733 1154 ipsae
753 1094 947 1152 quecumque
966 1076 1054 1148 fiunt,
1076 1093 1153 1151 quas

92 1169 175 1230 dicet
198 1169 374 1244 episcopus,
399 1185 522 1243 semper
544 1171 577 1226 et
601 1167 663 1226 diei
688 1171 719 1225 et
742 1167 811 1225 loco
837 1171 926 1241 aptas
951 1165 1041 1224 dicet.

0 1278 6 1305 r
36 1269 79 1313 oe.
164 1257 297 1317 XXXVI.
344 1259 376 1322 1.
413 1257 456 1315 Ac
485 1257 529 1316 sic
557 1274 630 1332 ergo
658 1274 730 1315 cum
757 1257 874 1330 ceperit
900 1273 970 1314 esse
998 1254 1154 1329 pullorum

92 1351 214 1419 cantus,
240 1347 438 1406 descenditur
464 1346 502 1405 de
527 1346 688 1404 lmbomon
714 1363 785 1404 cum
810 1345 913 1420 ymnis
937 1348 969 1403 et
995 1343 1154 1403 acceditur

91 1437 202 1496 eodem
232 1437 310 1508 loco,
343 1435 396 1494 ubi
427 1434 529 1510 prauit
558 1435 720 1507 Dominus,
752 1435 834 1494 sicut
863 1433 1012 1509 scriptum
1042 1437 1090 1492 est
1120 1433 1152 1491 in

91 1526 270 1601 euangelio:
296 1526 354 1583 “Et
378 1523 511 1584 accessit
536 1528 687 1600 quantum
712 1526 813 1583 iactus
837 1522 950 1598 lapidis
976 1526 1007 1580 et
1032 1521 1152 1581 orauit”

91 1618 123 1674 et
143 1618 254 1674 cetera.
286 1615 320 1672 ln
341 1631 378 1673 eo
399 1615 482 1673 enirn
503 1615 572 1672 loco
594 1612 725 1672 ecclesia
746 1617 795 1672 est
814 1612 949 1687 elegans,
980 1611 1154 1687 Ingreditur

88 1703 133 1764 ibi
154 1703 320 1779 episcopus
341 1706 372 1762 et
390 1703 493 1761 omnis
513 1702 657 1779 populus,
679 1700 791 1758 dicitur
810 1699 853 1757 ibi
872 1700 971 1760 oratio
991 1705 1064 1776 apta
1083 1700 1153 1759 loco

90 1797 122 1852 et
150 1792 222 1864 diei,
252 1793 365 1852 dicitur
392 1791 486 1852 etiam
514 1809 596 1850 unus
625 1809 739 1867 ymnus
767 1795 859 1866 aptus
887 1794 919 1848 et
946 1788 1057 1866 legitur
1085 1788 1152 1865 ipse

89 1881 179 1940 locus
203 1881 241 1941 de
265 1880 436 1956 euangelio,
461 1880 513 1938 ubi
537 1881 617 1939 dixit
639 1879 800 1955 discipulis
824 1879 907 1938 suis:
931 1878 1089 1954 “Vigilate,
1112 1896 1152 1936 ne

89 1970 212 2031 intretis
236 1971 270 2029 in
295 1971 559 2045 temptationem''.
595 1969 633 2027 Et
657 1968 759 2028 omnis
783 1968 850 2043 ipse
874 1968 961 2026 locus
986 1966 1153 2043 perlegitur

88 2059 133 2118 ihi
157 2063 188 2119 et
210 2058 246 2118 fit
268 2059 370 2118 denuo
394 2059 503 2118 oratio.
535 2060 568 2120 2.
591 2059 714 2117 Etiam
736 2057 809 2116 inde
832 2075 903 2116 curn
925 2055 1029 2133 ymnis
1052 2073 1154 2132 usque

88 2148 130 2207 ad
158 2147 307 2208 minimus
337 2147 442 2208 inians
470 2148 504 2208 in
532 2145 716 2208 Gessamani
743 2145 877 2221 pedibus
905 2163 976 2205 cum
1005 2143 1154 2220 episcopo

89 2237 290 2308 descendent,
314 2237 367 2295 ubi
391 2253 465 2312 prae
488 2240 552 2294 tam
575 2253 689 2312 magna
710 2237 802 2295 turba
823 2234 1033 2294 multitudinis
1056 2237 1088 2292 et
1110 2233 1152 2292 ta·

89 2327 177 2402 tigati
192 2326 231 2385 de
245 2325 360 2402 uigiliis
376 2330 406 2386 et
420 2324 545 2385 ieiuniis
559 2325 723 2384 cotidianis
737 2324 824 2396 lassi,
840 2323 913 2400 quia
928 2327 992 2382 tam
1006 2340 1152 2399 magnum

88 2418 229 2474 montem
259 2432 388 2475 necesse
420 2415 536 2473 habent
566 2414 763 2484 descendere,
795 2414 877 2472 lente
907 2417 939 2473 et
968 2413 1050 2472 lente
1081 2429 1152 2470 curn

88 2504 193 2579 ymnis
211 2503 335 2562 uenitur
351 2504 384 2563 in
401 2503 594 2563 Gessamani.
632 2502 785 2562 Candelae
802 2505 907 2561 autern
924 2501 1152 2561 ecclesiasticae

91 2611 186 2668 super
211 2593 363 2652 ducentae
389 2597 516 2667 paratae
542 2596 614 2651 sunt
638 2595 763 2667 propter
787 2591 892 2651 lumen
918 2591 1002 2650 omni
1027 2589 1152 2664 popule.

0 2699 1 2704 ’
56 2725 61 2736 ·
90 2683 123 2745 3.
150 2681 230 2742 Cum
256 2699 328 2757 ergo
352 2685 537 2757 peruentum
562 2680 712 2739 fueritin
738 2680 932 2752 Gessamani,
958 2678 993 2738 fit
1017 2679 1152 2754 primum

91 2772 192 2830 oratio
218 2775 300 2846 apta,
328 2772 373 2830 sic
399 2770 510 2829 dicitur
534 2789 664 2846 ymnus,
690 2769 765 2828 item
789 2769 900 2845 legitur
924 2768 976 2829 ille
1002 2769 1088 2827 locus
1115 2767 1152 2827 de

90 2860 263 2936 euangelio,
290 2859 345 2919 ubi
372 2860 615 2935 comprehensus
642 2861 691 2918 est
716 2858 876 2919 Dominus.
913 2857 972 2934 Qui
998 2857 1085 2917 locus
1113 2857 1153 2915 ad

90 2949 175 3026 quod
197 2949 297 3008 lectus
320 2948 422 3020 tuerit,
446 2953 551 3008 tantus
574 2948 693 3024 rugitus
716 2951 747 3007 et
769 2949 905 3023 mugitus
928 2948 1023 3006 totius
1046 2945 1152 3022 populi

90 3042 150 3100 est'
157 3055 228 3097 cnm
247 3037 331 3110 fletu,
350 3042 385 3096 ut
402 3037 534 3096 forsitan
551 3054 643 3112 porro
660 3037 701 3094 ad
719 3037 879 3096 ciuitatem
897 3037 1029 3112 gemitus
1046 3035 1153 3111 populi

92 3127 196 3186 omnis
219 3128 344 3186 auditus
367 3126 416 3186 sit.
448 3126 570 3185 Etiam
593 3145 632 3184 ex
653 3125 708 3183 illa
729 3126 806 3184 hora
828 3125 911 3184 hitur
932 3126 972 3184 ad
995 3125 1153 3182 ciuitatem

91 3217 226 3292 pedibus
253 3235 324 3275 cum
351 3217 464 3292 ymnis,
492 3214 671 3291 peruenitur
698 3215 738 3273 ad
765 3219 887 3290 portam
913 3231 951 3275 ea
978 3215 1064 3286 hora,
1092 3232 1154 3289 qua

89 3305 201 3381 incipit
227 3306 316 3382 quasi
344 3306 437 3364 homo
464 3305 623 3364 hominem
648 3321 834 3380 cognoscere
841 3325 849 3376 ;
875 3303 948 3364 inde
974 3307 1074 3363 totum
1100 3321 1155 3377 per

90 3395 229 3456 mediam
254 3395 413 3455 ciuitatem
440 3412 548 3453 omnes
575 3411 674 3469 usque
700 3393 741 3452 ad
765 3410 873 3465 unum,
899 3394 1034 3452 maiores
1060 3396 1154 3466 atque

90 3487 239 3554 minores,
267 3483 390 3556 diuites
418 3499 580 3559 pauperes,
609 3483 665 3542 toti
692 3482 735 3540 ibi
762 3481 871 3557 parati,
900 3481 1073 3558 specialiter
1100 3481 1155 3539 illa

92 3572 142 3633 die
163 3572 270 3632 nullus
293 3572 409 3632 recedit
430 3590 449 3630 a
471 3571 587 3648 uigiliis
608 3589 708 3648 usque
730 3571 763 3630 in
785 3589 885 3630 mane.
918 3569 969 3629 Sic
992 3568 1156 3629 deducitur

93 3661 259 3737 episcopus
278 3679 299 3720 a
318 3660 501 3722 Gessamani
520 3677 621 3737 usquc
640 3661 680 3719 ad
700 3664 821 3736 portam
841 3663 872 3719 et
891 3658 964 3720 inde
983 3676 1037 3734 per
1057 3661 1155 3718 totam
1221 3734 1222 3737 Ἴ

93 3751 219 3810 ciuitate
243 3750 407 3825 usquead
432 3751 569 3810 Crucem.
602 3752 636 3812 4.
660 3749 739 3809 Ante
764 3749 893 3808 Crucem
917 3751 1022 3807 autem
1045 3751 1077 3805 at
1099 3745 1153 3806 ubi

92 3843 222 3898 uentum
243 3837 345 3910 fuerit,
368 3841 431 3898 iam
452 3840 507 3899 lux
529 3839 620 3915 quasi
641 3839 724 3897 clara
745 3837 854 3912 incipit
875 3853 954 3897 esse.
984 3835 1030 3895 lbi
1052 3836 1154 3894 denuo

0 3940 79 3983 aa.
93 3928 204 4004 legitur
227 3928 279 3988 ille
304 3929 392 3987 locus
416 3929 454 3988 de
477 3927 650 4004 euangelio,
674 3927 727 3986 uhi
751 3925 915 3985 adducitur
939 3924 1090 3986 Dominus
1113 3924 1155 3984 ad

93 4016 236 4089 Pilatum,
266 4020 296 4076 et
324 4017 438 4090 omnia,
467 4034 682 4094 quaecumque
710 4017 825 4090 scripta
853 4018 927 4074 sunt
953 4014 1087 4074 Pilatum
1114 4013 1155 4072 ad
