2884 4738
536 318 742 374 ..45-

107 476 222 536 minica
239 480 345 537 autem
365 477 426 549 die,
446 478 478 537 id
497 480 546 538 est
563 475 694 549 octauis,
715 477 818 537 denuo
837 477 870 537 111
889 477 1021 538 66616616
1040 479 1167 550 11161616,

106 565 139 625 id
159 569 207 626 est
227 567 268 624 ad
289 566 480 642 Martyrium.
510 568 543 629 3.
565 567 645 642 Ipsis
666 570 772 626 autem
793 571 863 626 octo
886 567 995 627 diebus
1017 567 1167 643 paschali·

106 656 165 715 bus
192 655 306 715 cotidie
334 659 405 732 post
431 656 598 731 prandium
624 656 789 731 episcopus
817 674 886 716 cum
915 656 1000 715 omni
1027 657 1110 716 clero
1136 661 1168 716 et

106 745 252 804 omnibus
275 744 457 816 infantibus,
482 745 514 804 id
537 745 660 820 estqui
684 744 846 820 baptidiati
870 745 993 817 luerint,
1018 748 1049 805 et
1071 745 1167 806 omni-

106 834 174 905 bus,
200 833 468 910 qui-apotactitae
493 838 566 893 sunt
589 835 650 894 11111
674 851 711 892 66
735 833 879 906 1611111166,
904 851 962 894 1166
986 852 1049 894 non
1071 835 1167 894 etiam
1233 895 1235 904 ,

107 923 197 982 etde
221 923 310 999 plebe
335 923 442 999 quanti
465 923 585 994 uolunt,
609 923 642 982 in
666 923 782 982 Eleona
805 924 984 983 ascendent.
1017 923 1169 983 Dicuntur

105 1013 201 1087 ymni,
225 1012 304 1071 fiunt
325 1012 483 1072 orationes
507 1016 570 1071 tam
592 1013 625 1072 in
647 1013 789 1084 ecclesia,
814 1029 892 1088 quae
915 1013 948 1072 in
971 1013 1087 1072 Eleona
1109 1017 1165 1084 est,

105 1101 138 1160 in
160 1119 222 1177 qua
245 1105 293 1160 est
315 1102 472 1177 spelunca,
496 1101 529 1160 in
552 1119 613 1177 qua
636 1101 768 1162 docebat
788 1102 875 1161 lesus
898 1102 1079 1177 discipulos,
1103 1107 1167 1162 tam

105 1191 199 1250 etiam
227 1191 260 1249 in
288 1191 459 1261 Imbomon,
489 1191 520 1250 id
549 1195 598 1250 est
624 1191 657 1250 in
685 1209 722 1250 eo
750 1191 829 1262 loco,
858 1191 896 1249 (16
925 1208 986 1266 quo
1015 1190 1166 1251 Dominus

105 1281 247 1340 ascendit
271 1279 303 1339 in
328 1280 433 1340 caelis.
467 1282 501 1342 4.
526 1281 564 1339 Et
587 1285 793 1356 posteaquam
817 1279 890 1340 dicti
915 1280 1030 1339 tuerint
1054 1281 1166 1356 psalmi
1285 1271 1294 1276 “

13 1373 137 1429 1116661
160 1369 259 1428 oratio
282 1369 365 1428 iacta
387 1369 489 1440 fuerit,
513 1370 585 1428 inde
607 1387 708 1445 usque
731 1370 771 1427 ad
794 1369 947 1428 Anastase
970 1387 1042 1428 cum
1063 1371 1166 1445 ymnis

106 1458 305 1518 descenditur
334 1459 412 1517 hora
442 1459 603 1518 lucernae:
634 1459 693 1517 hoc
724 1476 778 1534 per
809 1461 891 1517 totos
922 1463 992 1518 octo
1024 1458 1090 1518 dies
1122 1458 1165 1518 fit.

21 1555 80 1600 616.
106 1547 188 1606 Sane
217 1547 373 1606 dominica
401 1548 453 1607 die
480 1565 535 1622 per
561 1547 679 1623 pascha
706 1551 778 1623 post
805 1549 904 1607 missa
931 1547 1105 1620 lucernarii,
1134 1547 1167 1606 id

106 1640 154 1696 est
176 1637 215 1696 de
238 1637 401 1708 Anastase,
425 1637 527 1696 omnis
550 1638 685 1712 populus
707 1637 889 1712 episcopum
913 1655 984 1696 cum
1007 1639 1110 1712 ymnis
1134 1638 1167 1696 in

105 1725 191 1800 Syon
221 1725 321 1784 ducet.
361 1728 395 1788 11.
425 1725 482 1784 Ubi
512 1744 584 1784 cum
613 1728 742 1785 uentum
772 1725 874 1797 tuerit,
905 1726 1049 1785 (1161111111
1078 1727 1165 1800 ymni

103 1815 168 1890 apti
187 1814 249 1873 diei
268 1818 298 1874 et
315 1814 393 1886 loco,
412 1816 448 1873 fit
464 1815 565 1874 oratio
584 1818 616 1874 et
631 1814 742 1890 legitur
759 1813 811 1873 ille
829 1814 917 1873 locus
936 1815 974 1874 de
992 1814 1164 1891 euangelio,

103 1901 156 1960 ubi
179 1903 288 1960 eadem
314 1903 362 1962 die
388 1903 540 1963 Dominus
566 1905 599 1962 in
623 1904 733 1962 eodem
758 1905 836 1975 loco,
863 1903 915 1962 ubi
941 1904 1010 1978 ipsa
1035 1903 1168 1963 ecclesia

103 2009 187 2052 1111116
213 1993 246 2052 111
274 1992 359 2068 Syon
387 1996 443 2063 est,
471 1992 587 2052 clausis
614 1993 704 2052 ostiis
732 1993 891 2068 ingressus
919 1997 967 2052 est
994 1992 1164 2068 discipulis,

104 2082 136 2142 id
156 2085 205 2141 est
225 2082 350 2157 quando
370 2085 443 2140 tunc
463 2099 544 2141 unus
566 2101 605 2142 ex
624 2081 786 2157 discipulis
806 2081 867 2140 ibil
888 2099 951 2140 nou
971 2086 1045 2152 erat,
1067 2081 1098 2140 id
1118 2086 1166 2140 est

104 2171 249 2242 ThomaS,
275 2189 336 2246 qua
361 2189 506 2230 reuersus
531 2177 578 2230 est
601 2174 633 2228 61
656 2170 830 2230 dicentibus
856 2171 885 2230 ei
910 2170 979 2229 aliis
1004 2170 1164 2246 apostolis,

105 2261 177 2335 quia
193 2260 359 2318 Dominum
374 2261 538 2330 uidissent,
553 2260 606 2320 ille
621 2258 714 2318 dixit:
732 2259 819 2318 “Non
835 2260 936 2330 credo,
952 2259 1012 2318 nisi
1026 2259 1165 2320 111(161ο”.

104 2349 169 2408 Hoc
190 2349 271 2408 lecto
294 2347 329 2407 fit
349 2349 451 2408 denuo
474 2349 582 2420 oratio,
605 2347 830 2408 benedicuntur
851 2349 1069 2421 cathecumini,
1090 2348 1165 2407 item

104 2438 223 2510 fideles,
248 2442 279 2496 et
303 2443 500 2497 reuertuntur
523 2438 739 2513 unusquisque
764 2438 804 2496 ad
829 2437 955 2496 domum
981 2455 1071 2496 suam
1095 2455 1167 2496 sera

103 2528 180 2586 hora
207 2527 339 2586 forsitan
365 2526 466 2586 noctis
494 2527 639 2586 secunda.

173 2616 235 2675 XL.
262 2617 295 2677 1.
310 2617 387 2676 Item
402 2617 523 2675 octauis
539 2616 683 2691 paschae,
700 2616 732 2674 id
748 2619 797 2676 est
812 2616 861 2676 (116
878 2615 1042 2687 dominica,
1059 2614 1165 2675 statim

102 2710 176 2780 post
191 2709 280 2764 sexta
296 2705 399 2764 omnis
415 2706 549 2781 populus
567 2722 637 2764 611111
655 2705 801 2780 episcopo
819 2705 859 2763 ad
876 2705 992 2764 Eleona
1007 2705 1164 2775 ascendit;

33 2787 35 2792 ’
102 2796 238 2871 primum
263 2794 296 2852 in
322 2795 463 2866 ecclesia,
490 2811 569 2870 quae
595 2793 639 2855 ibi
664 2798 721 2866 661,
748 2793 930 2869 aliquandiu
956 2794 1081 2854 sedetur
1088 2815 1095 2865 ;
1122 2794 1164 2852 di-

105 2889 217 2943 cuntur
238 2884 334 2959 ymni,
358 2884 503 2942 dicuntur
523 2883 714 2958 antiphonae
736 2887 827 2958 aptae
850 2883 910 2942 diei
933 2887 964 2943 61
985 2883 1064 2955 1666,
1086 2882 1166 2942 1111111

102 2973 261 3034 orationes
292 2972 436 3032 similiter
464 2977 556 3048 aptae
586 2972 647 3032 diei
676 2976 707 3032 et
736 2972 813 3031 loco
853 2972 961 3031 Denuo
991 2972 1063 3032 inde
1093 2991 1163 3033 cum

102 3062 207 3138 ymnis
230 3062 293 3121 itur
317 3063 350 3121 in
373 3062 535 3121 lmbomon
560 3078 645 3133 susu,
671 3060 814 3121 similiter
838 3065 869 3121 et
892 3061 935 3119 ibi
960 3080 996 3120 ea
1020 3066 1162 3137 aguntur,

104 3168 184 3227 quae
203 3155 234 3212 et
251 3151 323 3210 illic.
352 3151 390 3209 Et
408 3168 479 3210 611111
497 3151 614 3226 ceperit
632 3151 709 3209 hora
727 3169 807 3222 esse,
827 3151 890 3209 iam
907 3150 1010 3210 omnis
1030 3151 1163 3226 populus

102 3247 134 3300 et
153 3257 263 3300 omnes
283 3241 453 3315 aputactite
473 3240 630 3299 deducunt
648 3238 830 3315 episcopum
850 3257 921 3298 cum
941 3241 1044 3315 ymnis
1065 3256 1164 3315 usque
1229 3306 1230 3314 χ

102 3329 143 3388 ad
166 3329 328 3388 Anastase.
361 3329 406 3387 Ea
427 3332 532 3388 autem
554 3329 632 3388 hora
653 3330 832 3404 peruenitur
855 3329 895 3386 ad
916 3329 1079 3401 Anastase,
1103 3346 1166 3406 qua

101 3419 312 3477 lucernarium
339 3417 406 3479 fieri
435 3418 522 3477 solet.
559 3420 593 3480 2.
621 3419 670 3478 Fit
695 3435 768 3494 ergo
796 3418 1005 3477 lucemarium
1033 3423 1097 3476 tarn
1123 3418 1164 3476 ad

103 3507 258 3566 Anastase
283 3525 377 3582 quam
400 3507 441 3565 ad
466 3507 604 3578 Crucem,
630 3511 661 3566 et
683 3507 755 3566 inde
780 3506 881 3566 omnis
906 3507 1040 3581 populus
1064 3524 1164 3582 usque

101 3597 141 3656 ad
169 3614 269 3655 unum
296 3614 366 3655 cum
393 3597 496 3671 ymnis
523 3596 641 3655 ducunt
667 3597 847 3672 episcopum
873 3613 974 3671 usque
1000 3595 1040 3654 ad
1068 3593 1162 3670 Syon.

103 3685 159 3744 Ubi
186 3703 258 3744 cum
282 3689 411 3744 uentum
434 3685 536 3756 tuerit,
562 3684 705 3744 similiter
729 3685 873 3744 dicuntur
897 3682 983 3759 ymni
1006 3681 1070 3759 apti
1094 3684 1163 3743 loco
1222 3710 1231 3752 ῃ

103 3778 135 3834 61
153 3773 224 3846 diei,
244 3775 355 3850 legitur
373 3774 475 3833 denuo
494 3778 526 3833 et
544 3774 596 3834 ille
614 3774 702 3833 locus
722 3773 760 3833 (16
779 3772 950 3849 euangelio,
969 3772 1024 3830 ubi
1043 3771 1164 3832 octauis

104 3864 240 3939 paschae
255 3865 413 3939 ingressus
429 3867 477 3922 est
492 3863 652 3935 Dominus,
668 3862 723 3921 ubi
737 3866 832 3920 erant·
844 3859 997 3934 discipuli,
1013 3862 1043 3919 61
1057 3864 1165 3936 arguet

102 3953 263 4024 Thomam,
295 3970 391 4028 qliare
420 3951 600 4012 incredulus
631 3951 750 4011 luisset.
790 3951 828 4010 Et
858 3955 931 4012 tunc
960 3950 1064 4010 omnis
1094 3951 1166 4027 ipsa
1213 3969 1216 4011 ι

178 4071 252 4128 1ubi
271 4076 304 4126 Α.
