2884 4738
711 327 916 384 -12-

352 486 388 546 X.
418 488 451 550 1.
472 487 548 547 Item
568 489 725 546 transacto
746 486 905 561 aliquanto
925 490 1062 562 tempore
1082 489 1114 546 et
1132 484 1257 544 iubente
1278 485 1345 544 Deo

282 576 341 635 ruit
367 575 469 636 denuo
494 576 642 635 uoluntas
668 574 836 635 accedendi
862 592 962 650 usque
988 575 1028 633 ad
1053 573 1208 645 Arabiam,
1235 574 1267 634 id
1294 576 1346 634 est

282 665 322 723 ad
339 669 477 724 montem
495 664 613 736 Nabau‚
631 665 665 724 ln
683 682 720 723 eo
737 665 815 736 loco,
833 662 866 722 in
884 681 946 739 quo
963 663 1057 724 iussit
1073 663 1156 724 Deus
1173 663 1343 722 ascendere

281 753 410 828 Moysen
429 753 536 812 dicens
556 753 596 811 ad
616 770 702 812 eum:
724 752 883 812 “Ascende
901 752 935 811 ln
954 757 1092 812 montem
1111 752 1235 822 Arabot,
1257 769 1343 810 mon·

283 847 345 902 tem
370 842 489 913 Nabau,
516 842 568 917 qui
594 845 642 901 est
665 841 698 900 in
723 844 806 902 terra
828 841 921 900 Moab
944 845 1051 901 contra
1076 841 1188 900 faciem
1212 841 1343 912 Iericho,

191 941 216 984 m
231 942 258 986 o.
283 936 313 990 et
342 931 414 990 uide
444 934 558 990 terram
589 930 747 1002 Chanaan,
778 947 872 1006 quam
901 948 957 1006 ego
988 930 1027 989 do
1057 929 1130 990 filiis
1160 929 1278 989 Israhel
1308 930 1343 989 ln

281 1019 522 1095 possessionem,
551 1023 581 1080 et
609 1037 728 1078 morere
754 1019 789 1078 in
816 1022 920 1078 monte
948 1019 1026 1094 ipsc,
1054 1019 1087 1078 in
1115 1036 1207 1095 quem
1235 1035 1342 1078 ascen·

279 1109 391 1168 deris”.
423 1110 456 1172 2.
478 1109 585 1184 Itaque
606 1126 678 1184 ergo
700 1109 783 1168 Deus
803 1112 910 1168 noster
931 1109 1027 1180 lesus,
1050 1107 1103 1183 qui
1124 1111 1285 1184 sperantes
1307 1107 1341 1168 in

280 1216 314 1257 se
339 1215 402 1256 non
428 1197 559 1269 deseret,
584 1197 680 1262 etiam
704 1199 792 1256 etin
816 1197 875 1256 hoc
900 1197 1055 1256 uoluntati
1081 1215 1169 1255 meae
1194 1195 1341 1256 effectum

279 1291 437 1362 praestare
461 1286 605 1362 dignatus
630 1289 686 1346 est.
719 1287 753 1348 3.
777 1284 980 1346 ProficIscens
1003 1303 1076 1362 ergo
1100 1286 1205 1345 Ieruso
1233 1284 1236 1361 l
1264 1285 1341 1344 lIma
1357 1295 1386 1338 41

280 1375 398 1434 faciens
423 1374 482 1435 iter
509 1392 579 1433 cum
607 1375 732 1446 sanctis
759 1375 792 1434 id
819 1379 867 1435 est
892 1375 1072 1450 presbytero
1098 1377 1131 1434 et
1156 1373 1340 1433 diaconibus

280 1463 319 1522 de
340 1463 522 1523 lerusolima
542 1468 573 1523 et
592 1463 741 1522 tratribus
762 1464 940 1539 aliquantis
960 1463 993 1521 id
1013 1466 1062 1522 est
1082 1463 1253 1535 monachis,
1275 1481 1341 1538 per-

278 1553 423 1612 uenImus
457 1570 528 1629 ergo
562 1571 662 1628 usque
694 1553 736 1610 ad
767 1569 841 1611 eum
873 1552 978 1611 locum
1010 1551 1159 1623 Iordanis,
1193 1552 1248 1611 uhi
1282 1551 1339 1611 filii

279 1641 395 1700 Israhel
422 1642 618 1713 transierant,
646 1641 770 1717 quando
796 1659 851 1701 eos
877 1644 1004 1700 sanctus
1030 1641 1116 1700 lesus
1142 1639 1225 1700 filius
1252 1640 1339 1699 Naue

279 1729 441 1788 Iordanem
463 1731 634 1801 traiecerat,
657 1729 738 1789 sicut
758 1731 907 1807 scriptum
928 1733 977 1790 est
996 1731 1029 1789 in
1049 1729 1129 1790 libro
1150 1730 1220 1790 Iesu
1241 1729 1338 1789 Naue.

278 1818 357 1877 Nam
380 1824 411 1879 et
434 1819 521 1878 locus
545 1819 598 1879 ille
621 1822 767 1878 ostensus
791 1822 839 1878 est
861 1817 953 1878 nobis
977 1818 1066 1894 quasi
1089 1819 1211 1878 modice
1235 1818 1336 1890 altior,

277 1907 330 1966 ubi
353 1905 408 1966 filii
432 1907 542 1967 Ruben
565 1911 596 1968 et
618 1907 684 1967 Gad
706 1911 738 1968 et
760 1907 889 1967 dimidia
912 1907 1010 1967 tribus
1033 1907 1178 1966 Manasse
1200 1907 1340 1966 fecerant

276 2012 372 2067 aram,
397 1996 430 2055 in
455 2013 492 2055 ea
517 2001 604 2072 parte
628 1996 723 2071 ripae,
748 2000 882 2072 quaest
906 1996 1033 2056 Iericho.
1068 1998 1102 2059 4.
1126 1996 1338 2056 Transeuntes

278 2102 349 2160 ergo
371 2084 502 2144 fluuium
523 2084 723 2160 peruenimus
745 2086 785 2144 ad
807 2085 975 2157 ciuitatem,
997 2090 1074 2162 que1
1097 2085 1270 2162 appellatur
1290 2085 1339 2144 Li-

183 2181 209 2226 m
223 2184 264 2227 ea.
277 2173 379 2258 biada,
399 2179 539 2250 quaeest
555 2173 588 2232 in
607 2192 643 2234 eo
661 2192 781 2249 campo,
799 2174 832 2233 in
850 2192 911 2250 quo
930 2178 1003 2234 tunc
1020 2173 1077 2234 filii
1095 2173 1211 2233 Israhel
1230 2177 1334 2233 castra

276 2261 417 2322 fixerant.
455 2263 533 2320 Nam
562 2265 593 2322 et
619 2263 823 2323 fundamenta
850 2265 888 2322 de
916 2264 1026 2323 castris
1054 2262 1190 2323 filiorum
1217 2262 1337 2322 Israhel

277 2355 308 2410 et
329 2351 573 2411 habitatIonibus
596 2353 745 2427 ipsorum,
768 2352 821 2411 ubi
844 2353 1026 2411 commorati
1049 2357 1130 2424 sunt,
1152 2352 1185 2411 ln
1208 2369 1244 2411 eo
1266 2352 1338 2411 loco

274 2439 307 2498 iu
334 2439 427 2499 hodie
454 2445 572 2517 parent.
619 2440 754 2516 Campus
781 2442 865 2500 enim
891 2443 958 2516 ipse
985 2444 1034 2501 est
1059 2440 1200 2499 infinitus
1227 2440 1338 2500 subter

275 2533 397 2588 montes
424 2528 557 2588 Arabiae
585 2547 678 2605 super
704 2529 876 2589 Iordanem.
914 2529 993 2588 Nam
1019 2530 1069 2588 hic
1096 2533 1145 2589 est
1171 2530 1267 2601 locus,
1296 2530 1336 2589 de

276 2635 336 2692 quo
361 2618 510 2692 scriptum
534 2621 597 2678 est:
623 2618 681 2677 “Et
703 2618 905 2694 plorauerunt
927 2617 982 2676 filii
1007 2619 1125 2679 Israhel
1149 2617 1277 2694 Moysen
1301 2620 1336 2679 in

275 2705 392 2765 Arabot
407 2705 498 2765 Moab
517 2710 548 2766 et
565 2707 695 2766 Iordane
713 2710 820 2767 contra
837 2706 955 2767 Iericho
973 2706 1177 2784 quadraginta
1194 2707 1336 2767 dlebus'f.

275 2797 308 2857 h.
334 2795 391 2854 Hic
418 2794 512 2855 etiam
539 2797 626 2855 locus
654 2799 710 2866 est,
737 2795 791 2854 ubi
818 2798 890 2870 post
915 2813 1073 2856 recessum
1099 2796 1199 2872 Moysi
1226 2797 1336 2855 statIm

274 2883 361 2942 Iesus
383 2882 466 2943 filius
489 2884 577 2944 Naue
598 2885 733 2959 repletus
754 2888 804 2943 est
824 2884 935 2959 spirltu
956 2886 1120 2946 scientiae:
1142 2885 1338 2960 Imposuerat

274 2972 357 3031 enim
381 2972 505 3048 Moyses
532 2991 643 3032 manus
669 2991 744 3032 suas
770 2991 969 3048 supereum,
995 2974 1076 3035 sIcut
1101 2974 1250 3050 scriptum
1275 2977 1334 3034 est.

274 3062 306 3124 c.
327 3060 405 3119 Nam
424 3061 493 3138 ipse
512 3066 561 3122 est
578 3061 676 3133 Iocus,
695 3061 748 3120 ubi
768 3063 895 3138 scripsit
913 3061 1037 3138 Moyses
1055 3062 1169 3122 librum
1188 3063 1334 3122 Deutero-

273 3149 379 3208 nomii
405 3149 462 3209 Hic
481 3151 576 3210 etiam
594 3153 642 3210 est
659 3151 756 3222 locuS,
773 3150 827 3210 ubi
845 3152 967 3211 locutus
985 3156 1034 3212 est
1050 3151 1223 3228 Moyses-In
1241 3169 1334 3212 aures

273 3239 368 3298 totius
389 3238 539 3298 ecclesiae
559 3239 676 3298 Israhel
695 3239 793 3298 uerba
812 3240 924 3300 cantici
943 3258 1042 3316 usque
1062 3242 1095 3300 in
1114 3240 1209 3299 finem
1229 3240 1334 3313 huius,

273 3327 325 3402 qui
347 3326 481 3403 scriptus
503 3331 552 3387 est
571 3327 604 3386 in
626 3328 705 3387 libro
726 3328 967 3388 Deuteronomii.
998 3328 1055 3387 Hic
1076 3331 1126 3389 est
1145 3328 1211 3405 ipse
1233 3330 1331 3401 locuS,

271 3415 325 3474 ubi
344 3415 504 3475 benedixit
521 3421 648 3475 sanctus
667 3415 790 3492 Moyses
809 3417 903 3476 homo
923 3418 980 3478 Det
997 3416 1078 3478 filios
1097 3417 1214 3476 Israhel
1226 3417 1335 3494 singu-

271 3505 360 3563 latim
385 3504 606 3580 perordinem
632 3509 704 3565 ante
728 3505 849 3565 obitum
875 3525 976 3566 suum.
1012 3507 1045 3570 7.
1072 3506 1135 3566 Nos
1162 3525 1234 3583 ergo
1260 3525 1333 3567 cum

270 3594 467 3652 uenIssemus
481 3592 514 3652 in
529 3593 639 3653 eodem
653 3611 772 3671 campo,
787 3596 1031 3670 peraccessimus
1046 3596 1086 3654 ad
1100 3596 1204 3656 locum
1217 3598 1331 3672 ipsum,

272 3686 303 3741 et
325 3681 409 3741 facta
433 3685 482 3741 est
505 3681 548 3740 ibi
572 3682 682 3755 oratio,
706 3684 789 3743 lecta
811 3685 906 3744 etiam
930 3702 1003 3760 pars
1028 3685 1162 3760 quedam
1186 3686 1331 3745 Deutero-

46 2225 78 2256 fv

271 3768 367 3828 nomii
388 3769 420 3828 in
442 3788 479 3829 eo
501 3771 579 3842 loco,
601 3787 742 3831 necnon
764 3774 858 3832 etiam
880 3776 911 3833 et
931 3774 1072 3833 cautious
1092 3773 1201 3849 ipsiuS,
1224 3775 1333 3834 sedet

175 3866 203 3910 ss
216 3869 244 3911 s.
270 3857 512 3932 benedictiones,
536 3877 614 3935 quas
637 3861 758 3920 dixerat
780 3879 873 3937 super
895 3861 978 3922 filios
1000 3863 1126 3921 Israhel.
1159 3863 1197 3921 Et
1218 3864 1330 3922 iterato

1001 4033 1073 4084 ,θ’

342 4065 469 4137 ¹qurn.
902 4113 984 4202 Μ.
