2884 4738
718 320 924 378 „32-

293 479 387 538 intrat
406 477 572 554 episcopus
592 483 625 538 et
643 478 747 537 statim
765 477 937 554 ingreditur
955 479 1039 537 intra
1058 476 1253 552 cancellos†
1272 477 1347 536 Mar·

292 568 383 644 tyrii1
408 569 583 642 speluncae.
625 567 761 626 Primum
782 571 917 643 aguntur
940 567 1055 644 gratiae
1079 568 1153 638 Deo,
1176 569 1209 626 et
1228 566 1275 627 sic
1298 567 1348 626 fit2

291 658 465 716 orationem
491 675 547 731 pro
573 657 736 729 omnibus;
762 657 961 732 postmodum
986 657 1088 716 mitte-l
1111 673 1222 716 uocem
1247 655 1349 715 diaco·

289 764 360 818 nus,
391 750 426 805 ut
456 747 606 806 inclinent
635 748 738 821 capita
769 765 826 806 sua
858 764 975 818 omnes
1008 747 1163 822 quomodo
1195 750 1289 818 stant,
1321 749 1350 805 et

291 837 338 895 sic
358 835 521 895 benedicet
540 853 594 894 eos
614 837 779 911 episcopus
799 841 887 896 stans
906 836 989 894 intra
1008 833 1164 895 cancellos
1183 835 1347 896 interiores

291 929 324 983 et
354 925 551 998 postmodum
581 925 746 1001 egreditur.
795 927 829 989 4.
860 924 1035 1000 Egredientr'
1066 927 1171 984 autem
1200 925 1348 1000 episcopo

292 1031 402 1073 omnes
429 1015 469 1072 ad
494 1032 621 1074 manum
646 1015 804 1074 accedent.
847 1013 891 1072 Ac
917 1016 963 1073 sic
988 1019 1045 1085 est,
1071 1017 1106 1074 ut
1129 1031 1224 1090 prope
1248 1031 1350 1090 usque

292 1103 334 1162 ad
358 1105 497 1179 quintam
521 1107 577 1162 aut
599 1108 720 1162 sextam
743 1104 853 1162 horam
877 1104 1047 1179 protraitur
1070 1103 1176 1163 missa.
1218 1103 1296 1162 Item
1319 1105 1350 1164 et

294 1193 334 1251 ad
362 1192 562 1270 lucernare[s]
592 1193 735 1253 similiter
761 1192 797 1251 fit
821 1193 911 1251 iuxta
937 1193 1195 1252 consuetudinem
1224 1192 1349 1252 cotidia-

290 1301 373 1341 nam.
412 1282 496 1342 Haec
516 1301 590 1358 ergo
611 1283 804 1343 consuetudo
826 1282 955 1358 singulis
978 1281 1087 1342 diebus
1109 1283 1153 1341 ita
1174 1301 1228 1358 per
1250 1287 1349 1342 totum

187 1391 190 1398 ’
292 1379 409 1428 annum
427 1370 629 1442 custodiatur,
648 1371 783 1445 exceptis
811 1371 921 1430 diebus
948 1371 1152 1442 solennibus,
1179 1371 1294 1447 quibus
1320 1374 1352 1430 et
1423 1439 1424 1446 ἵ

294 1461 371 1534 ipsis
392 1461 653 1536 quemadmodum
668 1460 726 1534 'fiat
742 1460 824 1519 intra
840 1459 1072 1520 annotauimus.
1109 1463 1142 1525 5.
1161 1459 1227 1521 Hoc
1245 1465 1350 1520 autern
1423 1447 1424 1490 ³

294 1551 374 1609 inter
394 1551 501 1609 omnia
523 1551 599 1609 satis
620 1549 824 1625 praecipuum
844 1553 901 1621 est,
924 1549 1008 1625 qnod
1030 1549 1158 1621 faciunt,
1179 1551 1215 1607 ut
1235 1549 1349 1625 psalmi
1423 1625 1424 1628 Ἴ

293 1639 345 1698 uel
374 1640 563 1714 antiphonae
591 1639 657 1714 apti
685 1657 806 1714 semper
832 1639 985 1710 dicantur,
1015 1643 1079 1698 tam
1108 1639 1160 1715 qui
1187 1641 1279 1698 nocte
1306 1638 1350 1697 di·

294 1733 414 1800 cuntur,
442 1732 504 1787 tarn
531 1729 584 1804 qui
610 1732 718 1787 contra
742 1732 872 1799 mature,
899 1731 964 1787 tam
987 1729 1085 1788 etiam
1109 1727 1161 1805 qui
1187 1745 1243 1807 per
1266 1727 1350 1788 diem
1423 1703 1424 1750 l

291 1819 344 1876 uel
365 1822 454 1877 sexta
473 1823 529 1876 aut
547 1837 633 1877 nona
651 1818 702 1877 uel
723 1819 763 1877 ad
783 1819 945 1877 lucernare
964 1835 1086 1892 semper
1105 1819 1150 1877 ita
1168 1818 1233 1897 apti
1253 1819 1350 1878 etita

293 1909 503 1979 rationabiles,
521 1913 556 1966 ut
573 1908 612 1966 ad
628 1907 729 1983 ipsam
746 1927 811 1967 rem
829 1907 1011 1983 pertineant,
1031 1925 1109 1983 quae
1126 1908 1235 1983 agitur.
1263 1909 1297 1972 d.
1315 1909 1352 1966 Et
1423 1943 1424 1962 ι

295 2014 365 2055 cum
382 2001 449 2056 toto
466 2015 549 2055 anno
567 2015 690 2070 semper
706 1997 866 2056 dominica
881 1995 932 2056 die
950 1997 983 2055 in
998 1995 1134 2056 ecclesia
1149 1995 1270 2056 maiore
1284 2013 1351 2073 pro-
1423 2047 1424 2062 ,

295 2087 431 2157 cedatur,
456 2087 487 2145 id
510 2089 560 2145 est
582 2103 661 2161 quae
684 2087 716 2144 in
740 2085 893 2162 Golgotha
913 2090 971 2157 est,
992 2086 1025 2145 id
1046 2088 1096 2144 est
1116 2089 1188 2160 post
1211 2084 1349 2158 Crucem,
1423 2077 1424 2138 i

296 2193 388 2251 quarn
411 2175 484 2234 fecit
507 2175 741 2246 Constantinus,
762 2192 827 2234 una
847 2177 968 2234 tantum
989 2175 1040 2234 die
1061 2175 1228 2245 dominica,
1249 2175 1282 2234 id
1302 2179 1351 2236 est
1423 2177 1424 2198 ³

196 2278 224 2320 aa
238 2277 279 2320 oe.
297 2265 623 2340 qirinquagesimarum
654 2282 710 2339 per
740 2268 951 2341 pentecosten,
982 2265 1016 2323 in
1046 2264 1132 2340 Spon
1162 2264 1349 2340 proceditur,

292 2355 372 2413 sicut
398 2354 478 2412 inira
505 2358 689 2413 annotatum
716 2355 893 2426 inuenietis
921 2353 966 2413 sic
993 2358 1097 2413 tamen
1122 2353 1155 2412 in
1182 2353 1278 2429 Syon,
1306 2359 1349 2427 ut,
1423 2347 1424 2354 '

293 2447 460 2518 antequam
478 2445 522 2502 sit
541 2443 619 2506 hora
638 2443 738 2515 tertia,
758 2443 832 2502 illuc
851 2445 951 2514 eaurr,
972 2442 1028 2502 fiat
1046 2443 1180 2518 primum
1198 2441 1297 2502 missa
1316 2443 1351 2501 in

292 2532 426 2592 ecclesia
446 2533 596 2592 maiorem
620 2567 657 2573 —

637 2713 730 2772 Deest
758 2732 855 2772 uuum
883 2712 1005 2786 folium.

366 2820 581 2891 “Benedictus
611 2819 664 2896 qui
693 2819 781 2879 uenit
805 2820 839 2878 in
866 2820 991 2878 nomine
1019 2819 1163 2879 Domini”
1191 2822 1223 2878 et
1249 2823 1353 2880 cetera
1366 2832 1395 2874 co

294 2926 373 2984 quae
397 2912 552 2967 secuntur.
594 2909 633 2967 Et
654 2911 802 2985 quoniam
824 2925 879 2983 pro
903 2913 1115 2980 monazontes
1140 2909 1194 2986 qui
1216 2909 1348 2985 pedibus

291 2999 415 3070 uadent,
438 3017 568 3058 necesse
591 3002 640 3057 est
662 2999 781 3058 lenius⁸
805 2999 858 3058 iri:
882 3016 919 3057 ac
944 3000 988 3058 sic
1011 2999 1191 3074 peruenitur
1214 2999 1247 3056 in
1272 2999 1351 3057 leru-

295 3088 406 3147 solima
439 3107 476 3146 ea
508 3089 594 3159 hora,
629 3106 690 3164 qua
721 3088 831 3162 incipit
862 3088 955 3147 homo
988 3089 1144 3147 hominem
1178 3106 1272 3163 posse
1305 3106 1353 3146 co·
1423 3083 1424 3148 l

200 3189 266 3234 rec.
295 3195 451 3252 gnoscere,
480 3178 513 3236 id
540 3181 590 3237 est
617 3196 712 3253 prope
740 3178 818 3250 luce,
848 3182 919 3236 ante
949 3182 1053 3237 tamen
1083 3195 1175 3253 quam
1204 3179 1259 3235 lux
1287 3176 1350 3235 fiat,

297 3269 328 3330 7.
355 3267 412 3324 Ubi
438 3285 509 3324 cum
533 3270 717 3341 peruentum
742 3266 844 3340 fuerit,
872 3267 977 3326 statim
1004 3267 1047 3326 sic
1072 3267 1105 3325 in
1130 3267 1285 3326 Anastase
1309 3267 1353 3324 in-

292 3355 430 3431 greditur
455 3356 622 3431 episcopus
648 3359 682 3413 et
704 3372 812 3418 omncs
840 3355 911 3417 culn
937 3373 985 3426 eo,
1012 3355 1065 3414 ubi
1091 3355 1260 3414 luminaria
1285 3356 1353 3427 iam*
1423 3349 1424 3370 ³

295 3461 392 3518 supra
419 3445 512 3503 modo
542 3445 655 3502 lucent.
702 3444 825 3504 Dicitur
848 3462 923 3520 ergo
950 3444 995 3505 ibi
1025 3462 1106 3504 unus
1135 3445 1287 3520 psalmus,
1317 3444 1353 3503 fit
1423 3519 1424 3522 Ἴ

295 3533 406 3605 oratio,
424 3533 652 3592 benedicuntur
667 3533 709 3592 ab
724 3534 872 3610 episcopo
889 3534 1023 3610 primum
1041 3533 1257 3605 cathecumini,
1277 3534 1351 3593 item
1423 3533 1424 3568 f

297 3623 414 3682 fideles
454 3622 577 3696 Recipit
596 3641 630 3682 se
648 3623 815 3699 episcopus
833 3627 866 3682 et
885 3624 1002 3682 uadent
1021 3641 1054 3682 se
1072 3624 1291 3700 unusquisque
1310 3622 1352 3684 ad

294 3712 442 3788 ospitium
465 3730 566 3783 suurn,
588 3715 624 3770 ut
646 3731 679 3771 se
701 3718 869 3772 resumant.
901 3713 1101 3771 Monazontes
1125 3717 1229 3770 autern
1251 3730 1352 3788 usque

294 3802 335 3859 ad
357 3801 458 3859 lucem
482 3801 524 3859 ibi
549 3806 622 3860 sunt
644 3805 676 3860 et
697 3819 809 3876 ymnos
834 3802 949 3861 dicunt.
982 3802 1015 3864 8.
1040 3801 1080 3859 At
1100 3801 1155 3860 ubi
1178 3805 1284 3860 autem
1307 3817 1352 3860 re

367 3989 463 4044 ¹viell.
482 3991 499 4045 i.
520 4009 542 4045 c.
562 3993 712 4060 speluncae,
731 3994 779 4046 uhi
790 4000 813 4045 et
826 3994 954 4046 maturel.
976 4021 1005 4030 ·—
1030 3991 1120 4046 2υίεῑῑ.
1140 3991 1219 4046 facit*
1238 3993 1277 4058 (fit
1295 4007 1356 4044 ora·

293 4080 332 4133 tio
351 4082 436 4146 eddl:
448 4112 481 4121 —
503 4079 513 4111 ³
530 4082 617 4134 leuius
634 4083 659 4134 Α
680 4084 757 4148 (nield
775 4081 906 4148 lentius*).
965 4113 976 4164 λι
992 4110 1009 4172 (ι

780 4256 786 4300 l
