2884 4738
538 301 745 361 ¹..39-

111 466 247 526 Iniantes
279 482 349 524 cum
382 463 476 525 ramis
507 465 559 524 uel
590 464 702 540 palmIs
733 467 934 523 occurrerunt
964 463 1096 522 DomIno
1128 463 1169 522 di-

112 559 233 615 centes:
266 554 479 625 “BenedIctus‚
512 555 564 629 qui
595 554 683 612 uenit
711 553 744 612 in
775 553 900 612 nomine
931 552 1083 611 Domini’'.
1133 553 1171 610 Et

111 645 217 704 staIIm
238 644 323 703 leuat
344 662 378 703 se
399 643 563 718 eptscopus
585 646 617 701 et
635 644 738 702 omnis
760 642 903 717 populus,
925 659 1017 717 porro
1037 641 1110 701 inde
1131 641 1169 700 de

112 751 234 792 summo
258 736 363 792 monte
388 731 502 792 Oliueti
526 736 626 790 totum
650 731 781 807 pedibus
805 732 875 791 Itur.
909 731 987 789 Nam
1011 734 1094 790 totus
1119 748 1169 806 po·
1243 737 1245 742 '

111 824 203 898 pulus
226 826 299 880 ante
322 822 426 898 ipsum
449 838 521 880 cum
543 821 646 896 ymnis
669 820 719 880 uel
742 820 922 896 anttphonis
946 820 1169 895 respondentes

78 955 83 964 .
111 929 249 986 semper:
272 910 485 981 “Benedictus
509 910 561 986 qui
584 911 670 968 uenit
691 911 724 969 in
744 908 870 967 nomine
892 907 1044 967 Domini”.
1076 909 1109 971 3.
1133 909 1170 968 Et

112 1003 265 1076 quotquot
287 1003 362 1059 sunt
384 998 520 1058 infantes
544 999 577 1058 in
600 998 722 1058 hisdem
745 998 832 1070 locis,
857 997 1075 1074 usqueetiam
1098 997 1169 1074 qui1

110 1089 243 1165 pedibus
267 1089 428 1148 ambulare
452 1106 515 1147 non
538 1092 680 1163 possunt,
706 1087 778 1163 quia
803 1089 900 1146 teneri
925 1091 1007 1159 sunt,
1032 1088 1065 1146 in
1090 1087 1169 1146 collo

110 1178 182 1238 illos
208 1181 353 1254 parentes
379 1177 428 1236 sui
455 1180 569 1248 tenent,
594 1194 704 1236 omnes
731 1194 834 1235 ramos
861 1179 1001 1236 tenentes
1028 1175 1082 1235 alii
1108 1177 1170 1251 pal-

110 1285 242 1338 marum,
270 1266 323 1325 alii
351 1267 523 1337 oliuarum3
551 1269 583 1325 et
610 1267 656 1325 sic
683 1266 853 1326 deducetur
878 1265 1044 1341 episcopus
1072 1263 1105 1324 in
1132 1282 1169 1324 eo

110 1360 195 1432 typo,
210 1374 271 1431 quo
285 1359 358 1414 tunc
372 1355 522 1415 Dominus
536 1355 688 1414 deductus
701 1359 758 1414 est.
780 1356 814 1416 4.
828 1355 866 1412 Et
878 1355 917 1413 de
930 1371 1052 1413 summo
1066 1357 1170 1413 monte

109 1444 275 1520 usquead
298 1443 456 1504 ciuitatem
479 1447 511 1504 et
532 1444 605 1503 inde
627 1445 668 1502 ad
690 1444 844 1503 Anastase
867 1461 921 1518 per
944 1447 1041 1502 totam
1064 1443 1170 1502 ciuita-

111 1537 174 1593 tem
201 1538 301 1593 totum
327 1534 459 1609 pedibus
484 1551 604 1605 omnes
632 1534 688 1592 sed
713 1537 745 1592 et
770 1533 796 1592 si
824 1550 904 1608 quae
930 1537 1070 1592 matrone
1097 1535 1171 1590 sunt

109 1626 166 1682 aut
192 1623 219 1682 si
247 1622 300 1699 qui
327 1623 455 1694 domini,
484 1623 529 1681 sic
556 1622 713 1682 deducunt
739 1621 921 1698 episcopum
947 1621 1169 1696 respondentes

110 1716 143 1771 et
165 1713 211 1771 sic
235 1713 317 1771 lente
340 1715 373 1770 et
394 1712 485 1783 lente,
510 1730 549 1771 ne
573 1712 708 1770 lassetur
730 1711 873 1786 populus,
898 1727 990 1786 porro
1013 1709 1076 1768 iam
1100 1728 1171 1769 sera

16 1813 40 1854 ar
53 1812 94 1856 ea.
109 1803 292 1876 peruenitur
318 1801 359 1859 ad
389 1801 551 1860 Anastase.
590 1799 648 1859 Ubi
676 1817 747 1858 cum
775 1804 905 1859 uentum
933 1800 1035 1870 tuerit,
1065 1817 1170 1875 quam·
1251 1835 1254 1839 -

108 1891 187 1949 libet
217 1907 287 1949 sero
319 1890 368 1961 sit,
401 1894 505 1949 tamen
535 1889 570 1948 fit
600 1890 769 1962 lucernare,
801 1889 836 1947 fit
866 1889 968 1948 denuo
998 1890 1099 1947 oratio
1129 1888 1169 1947 ad

111 1979 241 2040 Crucem
270 1983 301 2038 et
329 1978 495 2038 dimittitur
523 1980 666 2054 populus.

181 2067 302 2126 XXXII.
332 2070 365 2130 1.
386 2068 462 2127 Item
481 2068 544 2126 alia
564 2067 623 2139 die,
643 2067 675 2127 id
695 2072 743 2126 est
763 2067 900 2126 secunda
919 2066 1006 2138 teria,
1027 2071 1169 2142 aguntur,

109 2175 191 2233 quac
210 2156 445 2216 consuetudinis
465 2160 539 2216 sunt
556 2157 594 2216 de
612 2157 697 2232 pullo
715 2158 815 2232 primo
834 2156 883 2232 agi
903 2156 1061 2231 usquead
1080 2173 1170 2214 mane

108 2246 150 2305 ad
172 2246 336 2317 Anastase,
359 2245 503 2306 similiter
522 2249 553 2305 et
573 2246 613 2305 ad
634 2246 727 2305 tertia
745 2247 778 2304 et
797 2245 838 2304 ad
860 2249 948 2304 sexta
969 2248 1101 2320 aguntur
1123 2261 1169 2316 ea,

109 2353 191 2411 quae
208 2335 281 2394 totis
299 2335 554 2411 quadragesimis.
581 2335 627 2394 Ad
644 2352 727 2394 nona
744 2337 849 2393 autem
864 2351 973 2393 omnes
989 2334 1023 2393 in
1039 2332 1171 2393 ecclesia

107 2424 237 2496 manre,
261 2424 293 2482 id
317 2427 365 2483 est
386 2424 427 2482 ad
449 2423 641 2499 Martyrium,
664 2424 810 2499 colligent
832 2440 866 2482 se
889 2428 920 2483 et
941 2422 985 2480 ibi
1007 2440 1107 2497 usque
1129 2421 1170 2480 ad

107 2515 220 2572 horam
238 2513 371 2588 primam
388 2512 489 2572 noctis
509 2530 632 2588 semper
649 2514 735 2589 ymni
753 2516 785 2572 et
802 2512 991 2587 antiphonae
1010 2511 1169 2580 dicuntur;
1242 2509 1244 2513 ’

107 2601 261 2662 lectiones
289 2601 383 2662 etiam
412 2606 503 2678 aptae
533 2602 595 2661 diei
624 2606 655 2661 et
682 2602 752 2661 loco
780 2602 938 2677 leguntur3
967 2600 1169 2676 interpositae
1237 2593 1238 2598 ’

108 2709 234 2766 semper
260 2692 426 2750 orationes
463 2693 497 2753 2.
523 2691 746 2752 Lucernarium
771 2693 868 2751 etiarn
892 2691 995 2765 agitur
1019 2689 1072 2761 ibi,
1098 2707 1170 2748 curn
1233 2713 1235 2717 ·

108 2781 228 2856 ceperit
250 2781 328 2839 hora
350 2787 437 2840 ess'e:
461 2780 505 2840 sic
528 2784 578 2840 est
599 2798 681 2856 ergo,
704 2784 740 2839 ut
762 2783 854 2839 nocte
876 2780 971 2839 etiam
995 2777 1051 2838 flat
1073 2780 1171 2838 missa

107 2870 147 2927 ad
180 2869 371 2945 Martyrium.
420 2868 477 2928 Ubi
508 2887 579 2928 cum
608 2869 708 2928 iacta²
738 2870 832 2928 tuerit
861 2869 967 2940 missa,
996 2867 1069 2926 inde
1099 2885 1169 2927 cum

108 2959 214 3034 ymnis
240 2958 281 3016 ad
308 2959 461 3018 Anastase
488 2958 609 3017 ducitur
636 2960 810 3034 episeopus
847 2957 881 3016 ln
908 2974 969 3033 quo
995 2962 1101 3017 autem
1126 2958 1170 3016 in·
1214 2995 1218 3004 -

109 3065 237 3124 gressus
259 3048 354 3107 tueriI
375 3047 407 3105 in
430 3047 592 3119 Anastase‚
617 3048 731 3107 dicitur
750 3063 833 3106 unus
856 3063 978 3123 ymnus,
1003 3045 1038 3105 fit
1060 3046 1169 3119 oratio,

108 3136 337 3196 benedicuntur
363 3136 579 3208 cathecumini,
608 3137 683 3196 item
711 3135 828 3208 fideles,
857 3140 888 3194 et
914 3134 949 3194 fit
976 3135 1081 3196 missa.

182 3225 317 3283 XXXIII.
359 3227 391 3288 1.
423 3226 499 3285 Item
530 3227 621 3285 tertia
649 3225 727 3284 feria
757 3225 900 3286 similiter
928 3224 1035 3284 omnia
1061 3224 1065 3301 Ι
1093 3223 1171 3283 fiunt
1186 3235 1215 3280 oo

108 3314 193 3374 sicut
214 3315 352 3374 secunda
374 3314 460 3374 teria.
492 3314 572 3373 Illud
593 3315 695 3374 solum
716 3314 842 3374 additur
864 3315 957 3374 tertia
977 3313 1063 3386 feria,
1086 3314 1170 3390 quod

108 3407 202 3462 nocte
230 3421 308 3482 sera,
337 3407 541 3480 posteaquam
569 3404 667 3463 missa
692 3404 776 3463 iacta
801 3403 894 3462 tuerit
921 3403 960 3461 ad
988 3403 1170 3479 Martyrium

109 3497 142 3552 et
157 3493 236 3552 itum
253 3492 346 3552 tuerit
361 3493 401 3551 ad
419 3493 573 3553 Anastase
587 3497 619 3552 et
635 3493 738 3552 denuo
755 3495 788 3552 In
804 3493 957 3552 Anastase
974 3493 1072 3551 missa
1088 3491 1170 3551 facta

109 3582 213 3653 fuerit,
236 3599 346 3641 omnes
368 3581 423 3640 illa
445 3582 523 3641 hora
543 3585 638 3640 noctu
660 3582 777 3642 uadent
800 3583 832 3641 in
853 3581 995 3653 ecclesia,
1019 3599 1099 3657 quae
1122 3584 1169 3640 est

107 3671 142 3730 in
167 3674 273 3730 monte
299 3671 424 3730 Eleona.
459 3673 492 3733 2.
517 3671 552 3730 ln
576 3688 638 3746 qua
662 3671 793 3731 ecclesia
817 3688 890 3729 cum
913 3673 1041 3729 uentum
1066 3669 1168 3740 fuerit,

107 3760 206 3820 intrat
233 3759 398 3835 epIscopus
427 3760 519 3844 intra·
537 3761 694 3835 spelunca,
723 3761 756 3818 in
784 3777 846 3835 qua
873 3761 1021 3835 spelunca
1049 3759 1170 3818 solebat

71 3893 77 3903 .
110 3849 263 3908 Dominus
292 3848 402 3908 docere
432 3848 611 3924 discipulos,
640 3852 672 3908 et
699 3848 813 3924 achpiI
839 3847 979 3907 codicem
1006 3847 1168 3924 euangelii,

107 3946 143 3998 et
167 3941 255 3998 stans
280 3938 348 4013 ipse
374 3937 538 4013 episcopus
564 3938 644 4014 leget
667 3938 764 3997 uerba
789 3937 922 4009 DomIni,
949 3954 1029 4013 quae
1055 3936 1171 4012 scripta
1227 4007 1231 4021 Ι

186 4074 196 4106 ¹
214 4092 284 4142 quae
302 4079 336 4129 A.
357 4107 391 4116 -
412 4073 422 4106 ²
441 4075 542 4130 lactum
562 4079 596 4129 A.
