2884 4738
720 329 926 388 ,20-

291 494 480 565 oportunum
507 489 594 561 satis,
622 492 659 547 ut
685 488 947 564 quemadmodum
975 488 1152 548 reuertehar
1180 486 1353 548 Constanti-

291 579 440 654 nopolim,
467 578 540 654 quia
564 595 620 654 per
645 577 842 637 Anthiociam
867 579 927 636 iter
951 580 1025 648 erat,
1052 576 1123 636 inde
1149 576 1189 634 ad
1214 576 1354 651 Mesopo-

293 668 420 726 tamiam
444 667 531 738 irem,
558 666 640 726 sicut
663 669 695 726 et
717 665 835 726 iactum
859 670 907 725 est
931 666 994 725 Deo
1020 666 1154 725 iubente.

361 755 465 814 XVIII.
495 757 528 818 1.
547 755 654 831 ltaque
673 772 745 831 ergo
763 757 796 814 in
813 755 939 814 nomine
960 754 1073 814 Christi
1093 754 1149 812 Dei
1168 753 1266 813 nostri
1285 770 1353 828 pro·
1367 765 1392 807 rr

291 843 374 904 fecta
396 863 465 903 surn
488 844 527 904 de
549 843 714 903 Antiochia
733 843 775 902 ad
797 843 1054 919 Mesopotamiam
1076 843 1194 902 hahens
1217 844 1277 902 iter
1298 861 1354 917 per

258 974 264 986 .
291 933 472 992 mansiones
490 951 545 992 seu
563 931 706 992 ciuitates
722 935 844 1008 aliquot
860 931 1038 1008 prouinciae
1055 931 1134 991 Siris
1152 931 1259 1002 Celen·
1274 949 1354 1008 quae

291 1027 358 1082 estl
379 1021 570 1093 Anthiooiae,
594 1025 625 1081 et
645 1022 718 1081 inde
740 1023 880 1097 ingressa
901 1020 978 1096 fines
1001 1020 1179 1097 prouinciae
1201 1020 1353 1096 Augusto-

291 1111 439 1170 fratensis
461 1110 588 1186 perueni
612 1110 652 1168 ad
676 1112 835 1170 ciuitatem
859 1110 1045 1185 Gerapolim,
1069 1127 1148 1185 quae
1171 1113 1220 1168 est
1241 1113 1353 1168 metro·

291 1199 372 1274 polis
389 1199 488 1275 ipsius
506 1199 695 1275 prouinciae,
713 1198 745 1258 id
763 1204 811 1259 est
827 1197 1122 1275 Augustoiratensis.
1150 1198 1189 1256 Et
1204 1197 1354 1274 quoniam

291 1288 369 1346 haec
390 1287 501 1347 ciuitas
521 1288 615 1348 ualde
636 1289 765 1363 pulchra
785 1291 817 1346 θῖ
836 1288 985 1364 opulenta
1004 1291 1053 1347 θεῖ
1073 1293 1166 1363 atque
1186 1287 1352 1346 abundans

290 1376 447 1448 omnihus,
466 1394 595 1436 necesse
613 1392 664 1436 me
683 1376 744 1438 tuit
761 1376 805 1436 ihi
824 1376 925 1436 iacere
945 1377 1101 1448 statiuam,
1122 1377 1271 1452 quoniam
1289 1375 1354 1434 iarn

290 1465 364 1525 inde
386 1483 450 1524 non
475 1466 565 1541 longe
588 1471 678 1525 erant
701 1464 780 1524 fines
804 1465 1054 1541 Mesopotamiae.
1089 1467 1123 1528 2.
1147 1465 1255 1540 ltaque
1279 1483 1351 1540 ergo

291 1553 492 1629 proficiscens
507 1555 546 1614 de
561 1553 724 1630 lerapolim
738 1556 772 1614 in
787 1553 1016 1630 quintodecimo
1031 1553 1164 1612 miliario
1179 1553 1211 1612 in
1225 1553 1353 1612 nomine

291 1643 344 1702 Dei
368 1643 495 1718 perueni
516 1643 557 1701 ad
579 1643 711 1702 fluuium
733 1643 890 1714 Eufraten,
913 1643 951 1702 de
973 1661 1035 1718 quo
1057 1643 1135 1702 satis
1156 1643 1235 1701 hene
1258 1643 1351 1718 scrip·
1420 1711 1423 1719 Ι

292 1735 358 1790 tum
380 1736 428 1791 est
447 1751 518 1792 esse
539 1732 823 1808 flumenmagnum
845 1731 993 1791 Eufraten
1015 1736 1047 1791 et
1066 1733 1184 1808 ingens
1206 1735 1238 1790 et
1260 1733 1351 1807 quasi

291 1821 436 1881 terribilis
454 1824 503 1882 est
509 1843 517 1893 ;
534 1823 580 1881 ita
597 1821 679 1881 enim
696 1820 831 1879 decurrit
847 1821 965 1880 hahens
981 1820 1141 1896 impeturn,
1160 1820 1241 1880 sicut
1257 1820 1353 1880 hahet

290 1909 406 1969 fluuius
441 1910 599 1981 Rodanus‚
633 1909 695 1970 nisi
730 1910 814 1985 quod
846 1910 949 1969 adhuc
982 1911 1081 1969 maior
1115 1914 1164 1970 est
1196 1908 1351 1969 Eufrates.

290 1999 323 2060 3.
344 1999 450 2074 Itaque
471 2015 542 2074 ergo
563 1999 710 2074 quoniam
728 2016 857 2059 necesse
876 2002 943 2058 erat
961 2017 1034 2057 eurn
1052 1998 1186 2058 nauibus
1207 2001 1350 2070 transire,

291 2091 322 2146 et
345 2088 481 2147 nauibus
506 2105 570 2146 non
594 2087 657 2146 nisi
683 2087 863 2159 maioribus,
890 2105 925 2146 ac
951 2089 996 2146 sic
1021 2087 1186 2146 immorata
1212 2105 1283 2146 sum
1308 2088 1351 2146 ihi

289 2175 422 2235 forsitan
447 2177 518 2252 plus
543 2176 649 2236 'media
675 2177 741 2248 die;
769 2179 800 2236 et
824 2176 897 2236 inde
923 2176 956 2235 in
982 2177 1109 2235 nomine
1135 2175 1190 2235 Dei
1217 2176 1350 2236 transito

291 2264 419 2324 flumine
442 2265 591 2326 Eufraten
614 2267 755 2341 ingressa
778 2283 849 2324 sum
872 2264 950 2324 fines
974 2265 1216 2341 Mesopotamiae
1241 2265 1351 2325 Siriae.

357 2353 438 2412 XIX.
466 2355 498 2416 1.
515 2353 559 2412 Ac
576 2353 620 2413 sic
638 2355 740 2414 denuo
756 2353 874 2414 iaciens
890 2355 950 2414 iter
966 2371 1020 2429 per
1036 2355 1215 2413 mansiones
1232 2355 1353 2430 aliquot

290 2443 418 2517 perueni
443 2442 485 2500 ad
512 2442 681 2514 ciuitatem,
709 2444 798 2502 cuius
824 2460 940 2502 nomen
966 2444 998 2502 in
1026 2443 1185 2518 scripturis
1213 2443 1352 2519 positum

195 2541 222 2584 64
235 2541 276 2584 oa.
291 2531 432 2606 legimus,
457 2531 490 2589 id
513 2536 564 2591 θεῖ
589 2531 726 2604 Batanis,
752 2549 832 2607 quae
857 2532 968 2591 ciuitas
993 2549 1093 2608 usque
1118 2532 1151 2591 in
1169 2529 1268 2591 'hodie
1293 2537 1352 2592 est

289 2619 368 2678 Nam
391 2624 423 2678 θῖ
445 2620 578 2680 ecclesia
599 2637 671 2679 cum
692 2621 840 2696 episcopo
861 2638 935 2680 uere
957 2626 1065 2680 sancto
1089 2626 1121 2680 et
1142 2621 1296 2680 monacho
1320 2625 1352 2680 θῖ

289 2708 469 2768 confessore
491 2709 638 2769 habetet
659 2710 807 2784 martyria
829 2709 997 2785 aliquanta.
1027 2709 1100 2785 Ipsa
1120 2710 1215 2768 etiam
1237 2710 1351 2769 ciuitas

289 2797 475 2857 habundans
506 2797 705 2857 multitudine
735 2798 899 2856 hominum
929 2801 977 2858 est
984 2820 991 2870 3
1020 2815 1096 2858 nam
1126 2803 1158 2858 et
1186 2799 1276 2858 miles
1307 2798 1353 2857 ibi

291 2887 380 2946 sedet
393 2905 464 2946 oum
479 2887 603 2945 tribuno
618 2904 685 2946 suc.
718 2889 752 2949 2.
767 2887 853 2946 Unde
869 2887 971 2952 denuo
986 2887 1195 2963 proficiscens,
1209 2890 1352 2964 perueni-

289 2993 359 3034 mus
381 2976 413 3033 in
435 2975 561 3035 nomine
585 2975 699 3035 Christi
722 2974 777 3034 Dei
799 2975 898 3034 nostri
919 2975 1078 3035 Edessam.
1110 2975 1168 3036 Ubi
1190 2993 1262 3034 curn
1283 2993 1350 3052 per-

287 3065 495 3134 uenissemus,
524 3064 630 3123 statim
660 3065 852 3140 perreximus
881 3065 922 3124 ad
950 3064 1114 3124 ecclesiam
1143 3069 1174 3123 et
1202 3065 1241 3123 ad
1270 3083 1350 3124 mar-

289 3153 403 3228 tyrium
431 3153 531 3212 sancii
558 3153 703 3212 Thomas.
741 3153 849 3228 ltaque
877 3171 948 3228 ergo
976 3155 1064 3212 iuxta
1091 3154 1351 3213 consuetudinem

288 3241 380 3301 factis
403 3242 598 3301 orationibus
624 3244 655 3300 et
678 3245 789 3312 cetera,
815 3259 893 3317 quae
918 3242 1111 3302 consuetudo
1134 3245 1201 3300 erat
1224 3241 1293 3301 fieri
1318 3243 1351 3302 in

289 3330 366 3389 locis
398 3330 524 3401 sanctis
556 3347 613 3389 nec
644 3348 708 3388 non
740 3331 834 3389 etiarn
865 3334 896 3390 θῖ
926 3331 1086 3406 aliquanta
1116 3330 1215 3406 ipsius
1248 3332 1349 3391 sancti

288 3418 425 3478 Thomas
443 3418 486 3478 ihi
505 3418 647 3493 legimus.
676 3419 710 3480 3.
730 3418 870 3478 Ecclesia
886 3424 1001 3490 autem,
1021 3419 1065 3478 ihi
1084 3437 1144 3495 que
1163 3424 1219 3492 θεῖ,
1239 3420 1350 3497 ingens

289 3512 321 3566 et
345 3507 437 3567 ualde
463 3507 593 3583 pulchra
618 3510 649 3566 et
673 3524 757 3566 noua
782 3507 996 3582 dispositione,
1022 3511 1058 3566 ut
1082 3527 1155 3567 uere
1182 3508 1275 3585 digna
1302 3514 1352 3569 est

289 3614 359 3656 esse
385 3597 496 3654 domus
523 3596 593 3667 Dei;
619 3601 652 3655 θῖ
676 3595 824 3671 quoniam
849 3598 948 3655 multa
971 3601 1068 3668 erant,
1096 3615 1175 3673 quae
1201 3597 1244 3657 ihi
1271 3598 1350 3658 desi-

288 3684 436 3743 derabam
452 3685 568 3755 uidere,
587 3701 716 3744 necesse
734 3703 783 3744 me
802 3685 861 3744 tuit
878 3685 921 3745 ibi
940 3686 1056 3745 statiua
1073 3685 1217 3745 triduana
1234 3686 1348 3747 iacere.

288 3775 322 3835 4.
346 3774 390 3832 Ac
415 3773 459 3831 sic
483 3789 555 3848 ergo
580 3773 645 3832 uidi
669 3773 701 3832 in
726 3773 834 3833 eadem
858 3774 1017 3834 ciuitatem
1041 3775 1189 3850 martyria
1213 3775 1351 3850 plurima

254 3901 260 3914 .
287 3878 429 3920 necnon
449 3866 481 3920 et
499 3867 625 3921 sanctos
646 3863 825 3934 monachos,
846 3866 1077 3923 commanentes
1097 3863 1176 3922 alios
1197 3881 1252 3939 per
1272 3883 1351 3924 mar·

288 3950 377 4024 tyria,
397 3949 477 4008 alios
498 3950 620 4025 longius
642 3950 680 4010 de
701 3951 827 4011 ciuitate
846 3952 879 4010 in
899 3951 1116 4012 secretioribus
1137 3953 1214 4012 locis
1236 3953 1351 4014 hahen-

286 4053 500 4062 —--———n

362 4087 370 4116 ¹
390 4088 513 4155 proxima
530 4104 552 4140 0.
572 4093 597 4140 u.
617 4089 732 4140 cerinthi
753 4089 826 4143 Chol.
