2884 4738
525 313 730 370 -15-

96 473 165 533 sola
193 473 231 532 de
260 471 322 531 illis
351 472 487 548 quinque
516 473 548 531 ln
577 471 670 530 hodie
698 474 829 530 constat.
868 473 901 534 a.
930 471 1008 529 Nam
1037 474 1068 530 et
1095 488 1155 528 me·

94 562 225 620 moriale
253 561 297 620 ihi
327 565 385 633 est,
416 561 455 620 de
484 562 595 620 ceteris
624 563 729 619 autem
759 559 821 618 illis
851 559 1029 618 ciuitatibus
1059 559 1154 618 nichil

94 651 180 709 aliud
205 654 335 725 apparet
360 649 421 708 nisi
448 649 611 709 subuersio
638 650 807 720 ruinarum,
835 649 1097 724 quemadmodum
1122 648 1155 707 in

96 741 231 798 cinerem
249 757 399 798 conuerse
419 743 500 798 sunt.
528 738 629 797 Locus
646 739 751 809 etiam,
770 737 824 797 ubi
842 738 902 798 tuit
921 738 1029 797 titulus
1048 737 1155 796 uxoris

94 829 183 900 Loth,
214 831 361 888 ostensus
393 831 440 886 est
469 827 570 899 nobis,
603 827 655 902 qui
686 828 772 886 locus
804 826 898 886 etiam
928 827 961 886 in
992 826 1153 901 scripturis

83 918 214 992 legItur.
258 918 290 979 7.
324 916 386 975 Sed
419 917 495 975 mihi
529 917 653 988 credite,
685 917 811 974 domiue
844 915 1048 988 uenerabiles,
1083 915 1156 991 quia

95 1007 240 1065 columna
269 1007 340 1082 ipsa
368 1005 432 1064 iam
461 1023 525 1065 non
555 1011 651 1081 paret,
682 1005 770 1064 locus
800 1010 905 1064 autem
935 1007 1002 1081 ipse
1033 1009 1153 1063 tanturn

94 1095 283 1167 ostenditur:
304 1095 450 1153 columna
468 1097 575 1153 autem
593 1094 663 1170 ipsa
684 1094 795 1154 dicitur
815 1095 893 1153 mari
914 1098 1036 1153 mortuo
1056 1093 1154 1154 fuisse

95 1189 274 1260 quooperta.
306 1183 394 1243 Certe
416 1184 519 1242 locum
540 1201 609 1244 com
628 1183 816 1255 uideremus,
838 1183 1015 1242 columnam
1035 1183 1155 1242 nullam

94 1273 241 1344 uidImus
265 1277 297 1332 et
317 1272 388 1332 ideo
411 1273 518 1332 fallere
540 1290 599 1331 uos
622 1289 715 1347 super
737 1273 817 1330 hanc
840 1290 906 1330 rem
927 1291 991 1331 non
1013 1290 1152 1347 possum.

5 1369 6 1372 ’
92 1362 172 1420 Nam
199 1363 364 1436 episcopus
392 1362 451 1420 loci
479 1360 587 1436 ipsius,
615 1361 646 1419 id
674 1365 722 1420 est
749 1361 787 1420 de
815 1361 919 1436 Segor,
947 1361 1025 1420 dixit
1050 1361 1151 1430 nobis

93 1452 240 1526 quoniam
264 1450 328 1509 iam
353 1451 473 1527 aliquot
497 1451 572 1510 anni
598 1454 712 1522 essent,
739 1469 758 1508 a
783 1469 844 1526 quo
869 1468 933 1508 nori
958 1454 1080 1526 pareret
1104 1467 1151 1508 co-

91 1540 205 1598 lumna-
215 1540 278 1598 illa.
306 1540 385 1598 Nam
403 1540 441 1600 de
460 1540 555 1616 Segor
571 1539 703 1599 forsitan
722 1543 809 1599 sexto
828 1539 962 1599 miliario
979 1539 1046 1614 ipse
1063 1540 1150 1598 locus

93 1633 145 1700 art,
164 1629 218 1687 ubi
237 1629 323 1688 stetit
339 1629 485 1687 columna
502 1629 565 1701 illa,
585 1629 668 1704 quod
685 1646 768 1687 nunc
788 1633 887 1688 totum
905 1629 1044 1704 cooperit
1061 1646 1150 1703 aqua.
1200 1659 1201 1662 =
1241 1673 1244 1678 .

4 1727 62 1772 uc.
93 1720 127 1781 8.
151 1719 227 1778 Item
251 1719 289 1776 de
313 1718 423 1777 dextra
445 1721 531 1792 parte
552 1718 713 1789 ecclesiae,
736 1735 756 1774 a
778 1717 864 1776 toras
887 1721 1000 1789 tamen,
1025 1716 1153 1776 accessi·

92 1825 163 1866 mus
190 1812 221 1866 et
247 1811 372 1866 ostense
399 1811 473 1866 sunt
497 1807 588 1865 nohis
614 1806 686 1865 inde
713 1825 732 1864 a
758 1810 865 1864 contra
892 1807 971 1865 duae
998 1806 1150 1878 ciuitates,

91 1897 125 1956 id
154 1901 202 1956 est
231 1896 364 1967 Esebon,
395 1914 474 1971 quae
503 1895 564 1954 tuit
591 1895 671 1970 regis
701 1895 783 1954 Seon
813 1897 892 1971 regis
922 1897 1151 1967 Amorreorum,

4 1999 78 2040 cca.
93 2003 172 2062 quae
190 2003 273 2045 nunc
294 1985 468 2060 appellatur
486 1984 622 2056 Exebon,
642 1988 674 2042 et
691 1984 755 2042 alia
774 1984 818 2059 Og
838 1985 918 2060 regis
938 1985 1049 2056 Basan‚
1072 2003 1150 2059 quae

91 2091 174 2132 nuno
193 2073 305 2134 dicitur
325 2074 449 2133 Sasdra.
478 2073 554 2132 Item
575 2073 613 2132 de
632 2073 742 2132 eodem
760 2073 828 2132 loco
849 2081 975 2132 ostensa
993 2077 1042 2132 est
1060 2073 1150 2132 nohis

91 2181 110 2221 a
137 2168 245 2223 contra
272 2163 379 2238 logor,
408 2181 486 2238 quae
513 2163 573 2221 tuit
598 2161 602 2238 Ι
630 2162 741 2221 oiuItas
768 2164 853 2238 regni
881 2162 987 2220 Edom.
1025 2163 1058 2225 9.
1085 2163 1149 2221 Hae
1164 2172 1198 2215 44

91 2257 196 2311 autem
216 2251 359 2311 ciuitates
380 2270 498 2322 omneS,
520 2269 597 2326 quas
617 2251 811 2323 uidebamus,
832 2253 864 2311 in
884 2250 1042 2310 montibus
1062 2255 1151 2310 erant

90 2341 221 2416 positae,
247 2340 329 2398 intra
352 2344 458 2399 autem
483 2341 604 2400 modice
629 2341 786 2398 deorsum.
800 2340 922 2415 planior
945 2341 1033 2398 locus
1058 2339 1152 2399 nobis

90 2429 264 2489 uidebatur.
298 2429 383 2487 Tunc
409 2429 525 2488 dictum
551 2432 600 2488 est
623 2428 723 2500 nobis,
750 2430 823 2504 quia
847 2430 880 2487 ln
905 2429 1005 2488 isdem
1030 2428 1148 2501 diebus,

91 2536 154 2594 qua
179 2523 305 2577 sanctus
331 2518 454 2593 Moyses
479 2517 530 2576 uel
556 2517 611 2576 filii
636 2518 753 2577 Israhel
779 2521 886 2576 contra
910 2518 980 2576 illas
1006 2519 1149 2578 ciuItates

90 2611 315 2683 pugnauerant,
340 2611 443 2666 castra
465 2606 509 2666 ibi
534 2605 596 2664 fixa
620 2606 818 2665 habuissent:
842 2624 915 2664 nam
939 2610 971 2666 et
994 2608 1082 2682 signa
1106 2605 1153 2664 ibi.

89 2696 242 2772 parebant
264 2699 445 2755 castrorum.
479 2697 535 2758 lo.
559 2696 640 2754 Sane
664 2697 699 2754 de
721 2696 776 2754 illa
797 2700 884 2770 parte
906 2695 1031 2766 montIs,
1056 2712 1150 2770 quam

89 2784 153 2844 dixi
178 2785 314 2856 sinistra,
338 2803 416 2860 quae
439 2788 505 2844 erat
526 2802 619 2859 super
640 2801 725 2843 mare
746 2788 912 2856 mortuum,
935 2787 1079 2843 ostensus
1101 2786 1151 2842 θεῖ

88 2874 180 2932 nobis
194 2892 284 2932 mons
298 2875 457 2948 praecisus
471 2874 573 2945 ualde,
588 2875 640 2949 qui
654 2873 755 2931 dictus
770 2876 817 2932 θεῖ
831 2877 901 2931 ante
916 2872 988 2948 ‘agri
1003 2873 1147 2948 specula'.

89 2962 147 3023 Hic
177 2968 225 3022 est
254 2981 354 3034 mono,
385 2962 418 3021 in
449 2980 508 3038 quo
539 2963 645 3038 posuit
673 2963 766 3020 Balac
797 2961 879 3021 filius
911 2962 989 3022 Ileor
1020 2961 1151 3020 Balaam.

88 3051 231 3112 diuInum
256 3051 295 3110 ad
319 3051 549 3110 maledicendos
574 3050 657 3110 filios
681 3051 798 3110 Israhel
822 3058 852 3110 et
875 3052 975 3110 noluiI
999 3051 1080 3109 Deus
1104 3051 1148 3108 ita

87 3141 276 3217 permittere,
292 3142 373 3200 sicut
387 3142 535 3216 scriptum
549 3144 605 3200 est.
630 3143 686 3201 11.
700 3141 743 3199 Ac
758 3141 802 3198 sic
815 3157 888 3215 ergo
901 3141 979 3199 uisis
994 3140 1147 3212 omnihus,

88 3247 170 3305 quae
185 3229 453 3301 desiderabamus,
474 3229 507 3288 in
525 3228 651 3288 nomine
671 3230 727 3287 Dei
746 3233 936 3289 reuertentes
956 3247 1010 3304 per
1029 3229 1147 3288 Iericho

88 3321 120 3378 et
133 3319 193 3378 iter
205 3336 308 3391 omne,
324 3319 407 3395 quod
421 3319 589 3391 lueremus,
605 3319 736 3394 regressi
752 3337 860 3378 sumus
876 3320 909 3378 ln
924 3319 1146 3377 Ierusolimam.

158 3407 237 3466 Xlll.
277 3409 309 3470 1.
339 3408 416 3467 Item
445 3411 517 3482 post
545 3408 739 3484 aliquantum
768 3411 890 3483 tempus
919 3407 1005 3466 uolui
1036 3406 1146 3466 etiaml

87 3497 127 3554 ad
152 3497 309 3571 regionem
333 3496 507 3556 husitidem
529 3498 675 3555 accedere
699 3500 824 3572 propter
846 3497 1011 3556 uisendam
1035 3513 1147 3554 memo·

87 3585 166 3644 riam
189 3585 289 3645 sancti
311 3585 364 3644 lob
388 3585 485 3661 gratia
505 3587 666 3645 orationis.
697 3585 810 3644 Multos
833 3585 915 3644 enim
937 3589 1062 3643 sanctos
1085 3602 1146 3642 mo·

87 3675 206 3732 nachos
227 3674 372 3733 uidebam
392 3675 465 3733 Inde
485 3676 647 3734 uenientes
668 3677 701 3734 in
722 3675 935 3734 Ierusolimam
955 3673 995 3732 ad
1016 3672 1147 3732 uisenda

86 3762 157 3822 loca
172 3768 282 3822 sancta
297 3762 395 3839 gratia
409 3763 569 3834 orationis,
586 3765 639 3839 qui
655 3764 776 3838 singula
791 3765 959 3822 relerentes
975 3763 1013 3820 de
1028 3761 1145 3820 eisdem

86 3853 164 3911 locis
190 3852 330 3911 lecerunt
356 3851 454 3928 magis
482 3852 669 3914 desiderium
695 3852 874 3928 imponendi
900 3850 993 3910 michi
1019 3850 1144 3922 laboris

161 4061 170 4092 ¹
189 4062 244 4115 ecie
264 4079 286 4115 o.
306 4068 332 4116 a
351 4064 415 4115 r'tber
433 4063 468 4116 ad
486 4065 521 4118 A.
