2884 4738
515 305 721 364 „37-

84 462 313 526 liberari1non
335 468 447 540 potest,
470 482 527 524 nec
549 464 653 523 oleum
676 467 808 540 gustent,
830 481 888 523 nec
911 464 1039 540 aliquid,
1063 463 1146 540 quod
1209 542 1211 546 ι

86 554 124 614 de
144 554 308 613 arboribus
329 557 386 625 est,
407 554 462 613 sed
482 557 603 612 tantum
622 571 706 629 aqua
724 558 756 612 et
775 553 945 613 sorbitione
965 553 1088 612 modica
1108 553 1148 612 de

83 643 194 702 farina.
224 642 539 719 Quadragesimarum
559 661 628 718 erpo
647 644 799 702 ieiunium
818 641 863 701 sic
883 641 926 713 fit,
945 646 981 701 ut
1001 641 1145 701 diximus,
1208 665 1211 723 3

154 731 262 791 XXIX.
292 734 325 795 1.
348 732 385 790 Et
404 732 559 806 completo
580 749 687 792 earum
709 733 953 807 septimanarum
974 733 1090 792 ieiunio
1102 778 1108 790 .
1120 775 1145 790 ..

84 821 197 882 Prima
211 825 384 898 septimana
397 820 523 897 uigiliae
536 821 569 880 in
583 821 736 880 Anastase
751 825 825 880 sunt
838 821 877 879 de
890 821 970 879 hora
981 821 1145 880 lucernarii

84 914 175 970 sexta
199 910 285 982 feria,
314 928 375 986 qua
401 911 439 971 de
465 910 550 986 Syon
575 911 699 968 uenitur
725 927 796 968 cnm
821 910 962 986 psalmia,
987 901 1087 986 usque
1112 911 1145 970 in

83 1017 176 1058 mane
200 999 341 1071 sabbato,
368 1017 430 1076 qua
453 999 569 1058 oblatio
594 998 630 1057 fit
652 999 685 1057 in
709 999 872 1058 Anastase.
906 999 983 1058 Item
1008 999 1145 1058 secunda

83 1089 259 1164 septimana
284 1090 315 1148 et
340 1088 430 1148 tertia
453 1091 485 1147 et
510 1091 621 1164 quarta
643 1091 676 1146 et
700 1088 809 1164 quinta
834 1091 865 1148 et
889 1090 978 1148 sexta
1002 1088 1146 1148 similiter

81 1175 171 1248 fiunt,
195 1180 230 1235 ut
253 1178 354 1252 prima
377 1177 415 1236 de
439 1176 695 1252 quadragesimis.
729 1178 762 1238 2.
787 1176 927 1252 Septima
949 1180 1055 1236 autem
1079 1195 1144 1252 sep·
1233 1172 1237 1182 '

81 1265 200 1324 timana
222 1283 293 1325 cum
314 1265 444 1336 uenerit,
467 1265 499 1325 id
521 1269 570 1324 est
590 1265 714 1341 quando
736 1267 799 1324 iam
821 1266 881 1324 due
904 1270 1052 1341 superant
1072 1283 1144 1325 cum

5 1365 63 1408 *oa
80 1355 161 1430 ipsa,
180 1358 215 1413 ut
233 1355 351 1430 pascha
369 1355 419 1427 sit,
439 1355 570 1430 singulis
590 1354 700 1414 diebus
718 1354 824 1413 omnia
843 1350 970 1430 quidem
989 1355 1033 1415 sic
1053 1372 1144 1431 agun-

81 1447 132 1502 tur
159 1443 240 1502 sicut
267 1446 298 1502 et
323 1443 434 1503 ceteris
462 1445 655 1518 septimania,
683 1461 762 1520 quae
789 1445 980 1503 transierunt
986 1465 994 1515 ;
1022 1447 1144 1502 tantum

79 1532 175 1602 modo
193 1531 276 1607 quod
291 1532 426 1607 uigiliae,
445 1549 525 1609 quae
541 1533 574 1591 in
590 1531 652 1591 illis
670 1551 725 1591 sex
742 1532 924 1608 septimanis
941 1532 973 1594 in
989 1532 1143 1592 Anastase

79 1620 183 1680 factae
206 1624 288 1680 sunt.
321 1620 460 1695 Septima
482 1625 588 1681 autem
611 1621 795 1696 septimana,
818 1623 850 1681 id
872 1625 920 1681 est
943 1626 1033 1681 sexta
1055 1622 1141 1694 teria,

77 1709 111 1766 in
143 1709 228 1784 Syon
256 1709 259 1785 l
287 1709 366 1768 fiunt
394 1709 521 1785 uigiliae
549 1709 638 1768 iuxta
666 1709 926 1769 consuetudinem
955 1728 1033 1782 carta
1064 1714 1143 1786 quat
1159 1721 1191 1766 aa

77 1797 112 1857 in
128 1798 282 1858 Anastase
298 1799 400 1858 tactae
415 1803 489 1858 sunt
504 1817 559 1874 per
574 1816 629 1858 sex
645 1797 845 1875 septimanas.
871 1799 1022 1858 Dicuntur
1038 1803 1142 1858 autem

77 1888 153 1946 totis
176 1887 308 1962 vigiliis³
332 1887 395 1962 apti
419 1888 530 1962 psalmi
554 1906 677 1963 semper
700 1890 750 1948 uel
774 1889 962 1964 antiphonae
986 1892 1050 1947 tam
1072 1889 1141 1947 loco

78 1993 174 2051 quarn
192 1976 263 2036 diei.
291 1977 324 2039 3.
342 1977 383 2035 At
399 1977 453 2036 ubi
470 1980 577 2036 autem
595 1978 711 2052 ceperit
729 1995 762 2036 se
781 1995 872 2038 mane
889 1980 992 2036 tacere
1010 1977 1141 2037 sabbato

76 2064 288 2136 illucescente,
306 2065 415 2125 offeret
432 2066 597 2141 episcopus
615 2071 647 2125 et
664 2066 739 2125 tacit
755 2067 947 2126 oblationem
966 2085 1056 2126 mane
1075 2066 1142 2126 sab-

1 2170 9 2194 v
43 2193 50 2204 ·
78 2154 162 2212 bato.
202 2153 267 2211 lam
296 2158 332 2212 ut
359 2153 415 2213 fiat
443 2155 549 2226 missa,
580 2155 676 2214 mittit
703 2173 813 2214 uocem
843 2155 1081 2215 archidiaconus
1111 2159 1143 2215 et

76 2241 168 2301 dicit:
187 2241 323 2302 “Omnes
341 2243 434 2303 hodie
452 2244 528 2302 hora
546 2244 680 2318 septima
696 2245 728 2302 in
746 2244 875 2303 Lazario
892 2243 993 2320 parati
1011 2244 1139 2304 simus”.

75 2331 121 2389 Ac
143 2329 188 2390 sic
210 2349 282 2407 ergo
303 2349 373 2390 cum
394 2333 511 2407 ceperit
530 2349 563 2391 se
585 2333 663 2391 hora
683 2333 816 2408 septima
837 2333 948 2406 iacere,
969 2351 1078 2392 omnes
1099 2333 1139 2391 ad

75 2419 241 2478 Lazarium
266 2420 406 2479 ueniunt.
442 2421 608 2481 Lazarium
632 2425 747 2493 autem,
774 2422 806 2481 id
832 2426 880 2481 est
905 2421 1065 2495 Bethania,
1090 2426 1141 2482 est

74 2507 209 2567 forsitan
230 2510 367 2568 secundo
388 2509 523 2569 miliario
542 2528 563 2569 a
582 2511 718 2571 ciuitate.
747 2512 781 2573 4.
802 2511 955 2570 Euntibus
974 2515 1080 2570 autem
1101 2512 1138 2570 de

75 2596 260 2656 lemsolima
283 2598 315 2655 in
341 2598 515 2658 Lazariumv
530 2599 662 2658 forsitan
687 2600 727 2658 ad
752 2599 936 2676 quingentos
961 2618 1075 2676 passus
1100 2601 1138 2660 de

75 2686 186 2745 eodem
204 2687 273 2745 loco
292 2686 423 2746 ecclesia
439 2691 489 2747 est
505 2688 537 2745 in
555 2691 652 2747 strata
670 2690 758 2748 ineo
777 2689 855 2760 loco,
874 2690 907 2749 in
925 2707 987 2765 quo
1005 2689 1139 2748 occurrit

74 2773 208 2833 Domino
224 2773 323 2833 Maria
338 2792 426 2834 soror
442 2776 561 2836 Lazari.
587 2777 632 2836 lbi
650 2795 721 2853 ergo
738 2795 809 2836 cum
824 2777 947 2838 uenerit
961 2777 1137 2854 episcopua,

73 2867 240 2922 occurrent
265 2863 310 2922 illi
340 2881 449 2924 omnes
479 2866 633 2938 monachi,
663 2869 694 2925 et
721 2868 856 2942 populus
884 2866 929 2925 ibi
956 2866 1135 2943 ingreditur,

73 2951 188 3012 dicitur
207 2970 290 3011 unns
312 2971 425 3028 ymnus
448 2958 479 3013 et
500 2972 562 3012 una
582 2955 756 3030 antiphona
777 2960 808 3016 et
828 2956 940 3031 legitur
959 2955 1027 3032 ipse
1048 2957 1135 3015 locus

73 3039 112 3100 de
141 3040 313 3116 euangelia,
343 3041 397 3100 ubi
427 3045 562 3102 occurrit
590 3061 679 3102 soror
706 3043 815 3103 Lazari
845 3045 986 3104 Domino.
1025 3045 1063 3103 Et
1092 3045 1136 3104 sic

72 3128 157 3188 facta
183 3129 323 3188 oratione
349 3133 381 3190 et
405 3131 577 3192 benedictis
603 3132 748 3192 omnibus
784 3132 856 3192 inde
881 3134 945 3192 iam
970 3151 1069 3210 usque
1096 3135 1135 3192 ad

73 3216 238 3276 Lazarium
260 3235 331 3278 cum
352 3218 456 3294 ymnis
478 3221 549 3280 itur.
581 3223 613 3283 5.
635 3221 670 3280 ln
692 3221 822 3281 Lazario
845 3227 949 3281 autem
970 3241 1042 3283 oum
1064 3242 1135 3283 uen-

73 3310 139 3364 tum
163 3305 266 3378 iuerit‚
292 3307 335 3366 ita
360 3327 394 3368 se
419 3309 521 3368 omnis
545 3310 712 3370 multitudo
737 3310 861 3387 colligit,
886 3316 921 3371 ut
945 3330 1008 3371 non
1032 3313 1135 3372 solum

71 3394 139 3469 ipse
157 3395 246 3454 locus
265 3396 319 3455 sed
337 3400 369 3456 et
385 3397 486 3472 campi
503 3415 612 3458 omnes
630 3401 663 3458 in
682 3401 746 3475 giro
764 3400 847 3476 pleni
865 3400 929 3460 sint
944 3401 1133 3461 bominibus.

72 3481 225 3544 Dicuntur
245 3483 332 3560 ymni
356 3487 451 3544 etiam
475 3489 506 3546 et
526 3488 717 3562 antiphonae
739 3489 804 3564 apti
827 3489 887 3564 ipsi
911 3489 972 3547 diei
995 3493 1027 3550 et
1048 3491 1133 3563 loco;

73 3571 217 3632 similiter
238 3576 270 3631 et
290 3572 439 3634 lectiones
462 3580 534 3650 apte
556 3575 626 3648 diei,
649 3595 863 3655 quaecumque
885 3579 1037 3654 leguntur.
1069 3579 1134 3637 lam

73 3664 188 3733 autem,
206 3664 243 3719 ut
262 3661 317 3720 fiat
336 3661 442 3736 missa,
463 3664 664 3724 denuntiatur
681 3667 809 3742 pascha,
829 3667 862 3728 id
881 3670 929 3726 est
949 3668 1034 3727 subit
1052 3685 1133 3744 pres-

71 3748 161 3824 hyter
181 3750 215 3808 in
238 3749 340 3812 altiori
362 3752 431 3811 loco
455 3756 486 3812 et
506 3754 587 3829 leget
607 3755 696 3813 illum
718 3757 830 3828 locum,
855 3756 907 3832 qui
930 3756 1064 3831 scriptus
1085 3761 1134 3816 est

70 3837 104 3894 in
131 3838 310 3914 euangelio:
338 3839 435 3900 “Cum
462 3843 603 3902 uenisset
628 3843 714 3903 lesus
741 3845 774 3904 in
800 3844 952 3904 Bethania
978 3849 1050 3905 ante
1077 3864 1132 3906 sex

11 3936 53 3979 oa
71 3923 143 3984 dies
160 3927 317 4002 paschae''
341 3932 373 3988 et
392 3933 503 3990 cetera.
535 3930 628 3992 Lecto
650 3950 722 4008 ergo
745 3951 782 3993 eo
805 3934 874 3993 loco
895 3938 927 3994 et
948 3934 1133 3995 annuntiata

145 4062 154 4092 ¹
169 4065 239 4120 vicli.
258 4064 304 4133 qui
322 4065 459 4122 delibari*.
479 4097 510 4108 -
533 4067 625 4138 ²quae
637 4073 672 4125 A.
687 4099 721 4110 --
736 4069 806 4126 ³toti
820 4071 933 4139 singulis
945 4075 979 4126 A.
