2884 4738
531 319 737 384 ..23-

103 486 241 545 Ananias
261 503 367 545 cursor
386 502 440 560 per
458 485 559 561 ipsam
577 491 699 560 portam
717 486 875 560 ingressus
893 488 943 543 est
959 501 1031 542 oum
1049 484 1159 559 episto·

104 576 167 634 larn
197 576 330 646 Domini,
360 593 460 650 usque
490 574 522 633 in
551 578 747 649 praesentem
776 573 858 633 diem
888 573 1089 645 custodiatur,
1119 591 1161 632 ne-

103 664 173 740 quis
188 664 377 736 immundus,
394 678 434 723 ne
451 665 520 740 quis
536 663 674 738 lugubris
690 662 860 738 peripsam
876 668 997 738 portam
1013 665 1158 734 transeat,

102 753 237 812 sedites
259 770 371 828 corpus
392 752 524 811 alicuius
545 751 660 812 mortui
681 751 810 810 eiciatur
829 767 884 826 per
905 751 1007 826 ipsam
1028 756 1158 826 portam.

103 843 158 904 18.
191 841 337 902 Ostendit
369 841 463 901 etiarn
494 841 586 900 nobis
620 845 746 900 sanctus
780 841 944 915 episcopus
978 839 1159 898 memoriam

80 931 213 1006 .Aggari
235 931 288 990 uel
313 930 408 990 totius
433 930 571 990 familiae
594 929 693 1006 ipsius
717 930 809 988 ualde
834 929 971 1003 pulchra,
997 927 1052 988 sed
1076 928 1160 986 facta
1244 939 1247 944 ’

101 1037 187 1078 more
211 1020 349 1094 antiquo.
384 1019 597 1078 Duxitetiam
620 1035 679 1077 nos
703 1021 735 1077 et
754 1015 798 1076 ad
822 1018 910 1077 illum
935 1017 1086 1093 palatium
1110 1033 1158 1076 su·

101 1109 263 1184 periorem,
289 1107 372 1184 quod
397 1109 548 1167 habuerat
571 1107 714 1182 primitus
740 1124 794 1164 rex
818 1105 965 1182 Aggarus,
989 1109 1021 1165 et
1045 1106 1072 1164 si
1097 1123 1159 1180 qua

100 1202 261 1272 praeterea
276 1197 345 1255 loca
359 1201 458 1268 erant,
475 1197 662 1256 monstrauit
677 1195 776 1255 nobis.
802 1196 858 1258 19.
874 1195 954 1253 hlud
969 1195 1065 1254 etiam
1080 1195 1157 1254 satis
1194 1255 1196 1260 ,

101 1287 182 1344 mihi
211 1289 297 1362 grato
329 1286 396 1357 iuit,
428 1289 463 1344 ut
493 1285 642 1361 epistolas
674 1285 759 1360 ipsas
791 1285 858 1344 siue
889 1283 998 1360 Aggari
1030 1284 1070 1342 ad
1102 1283 1157 1342 Do·

99 1375 221 1433 minum
248 1375 315 1434 siue
343 1375 466 1434 Domini
493 1375 534 1433 ad
560 1374 723 1450 Aggarum,
751 1390 828 1449 quas
855 1372 946 1432 nobis
973 1372 1016 1431 ibi
1043 1373 1158 1448 legerat

100 1469 228 1523 sanctus
246 1464 420 1540 episcopua,
439 1464 611 1538 acciperem
627 1461 723 1522 michi
742 1463 781 1521 ab
799 1463 867 1538 ipso
886 1465 1003 1521 sancto.
1032 1461 1069 1520 Et
1087 1460 1158 1520 licet

98 1553 132 1612 in
153 1553 253 1628 patria
274 1553 464 1627 exemplaria
483 1555 623 1627 ipsarum
643 1552 798 1623 haberem,
819 1555 924 1610 tamen
943 1549 1060 1627 gratius
1081 1549 1157 1608 mihi
1224 1597 1226 1604 ,

98 1641 204 1700 uisum
236 1646 292 1712 est,
324 1645 359 1700 ut
388 1645 420 1701 et
448 1641 492 1699 ibi
522 1656 575 1700 eas
606 1641 644 1699 de
671 1643 675 1716 Ι
702 1642 771 1715 ipso
801 1640 981 1714 acciperem,
1013 1657 1052 1698 ne
1083 1638 1157 1714 quid
1172 1649 1199 1693 ar

99 1730 232 1789 forsitan
260 1730 364 1790 minus
393 1730 434 1788 ad
463 1745 521 1788 nos
550 1731 584 1790 in
612 1730 713 1805 patria
741 1729 936 1804 peruenisset
943 1750 951 1800 ;
980 1745 1054 1786 narn
1083 1745 1156 1786 uere

98 1819 234 1894 amplius
259 1825 315 1890 est,
342 1819 424 1894 quod
449 1819 498 1877 hio
522 1820 636 1893 accepi.
671 1817 757 1877 Unde
781 1819 808 1877 si
833 1818 915 1876 lacus
939 1821 1045 1876 noster
1069 1817 1155 1876 lesus

97 1907 226 1969 iusserit
248 1911 280 1967 et
302 1923 418 1966 uenero
442 1909 475 1967 in
498 1909 608 1983 patria,
632 1906 750 1983 legitis1
773 1924 840 1979 uos,
864 1905 1009 1966 dominae
1032 1905 1155 1964 animae

98 2011 197 2056 meae.

155 2084 237 2158 XX.
262 2087 294 2149 1.
317 2085 360 2143 Ac
382 2087 520 2160 sicergo
543 2085 625 2144 aeto
648 2083 691 2143 ibt
712 2083 855 2144 triduano
877 2101 1006 2143 neeesse
1026 2101 1075 2141 me
1096 2081 1156 2141 tuit

64 2217 69 2227 .
102 2175 204 2233 adhuc
229 2175 261 2233 in
286 2179 357 2234 ante
381 2174 528 2234 accedam
551 2187 651 2250 usque
674 2174 714 2233 ad
740 2172 875 2244 CharriS,
900 2172 973 2249 quia
994 2171 1087 2232 modo
1110 2171 1155 2230 sic

100 2264 224 2323 dicitur.
269 2263 346 2322 Nam
372 2263 406 2322 in
429 2263 593 2339 scripturis
618 2263 737 2323 sanctis
764 2262 849 2322 diota
873 2265 922 2321 est
948 2261 1073 2332 Charra,
1099 2261 1154 2320 ubi

98 2357 238 2412 moratus
259 2356 308 2412 est
328 2357 454 2413 sanctus
475 2352 619 2424 Abraam,
641 2354 722 2412 sicut
742 2352 890 2429 scriptum
911 2355 959 2412 est
979 2353 1013 2411 in
1033 2351 1154 2422 Genesi,

99 2441 224 2500 dicente
257 2442 389 2500 Domino
421 2442 462 2500 ad
493 2440 644 2502 Abraam:
676 2435 754 2498 “Exi
786 2439 824 2500 de
855 2445 939 2500 terra
969 2444 1023 2500 tua
1051 2437 1086 2499 e't
1115 2439 1153 2498 de

97 2533 192 2590 domo
216 2532 313 2606 patris
338 2531 382 2591 tui
408 2537 438 2591 et
461 2532 542 2590 uade
567 2533 599 2590 in
625 2531 793 2590 Charram'’
818 2532 1001 2606 etreliqua.
1035 2531 1068 2592 2.
1092 2529 1155 2587 lbi²

99 2638 174 2696 ergo
201 2637 272 2679 cum
299 2621 466 2692 uenissem,
494 2620 526 2680 id
551 2623 601 2679 est
626 2619 660 2678 in
687 2614 812 2690 Charra,
839 2619 944 2678 statim
970 2618 1015 2678 tui
1042 2618 1082 2676 ad
1108 2635 1154 2676 ec·

100 2709 239 2780 clesiam,
272 2727 351 2786 quae
382 2714 432 2769 est
460 2710 542 2769 intra
571 2709 697 2768 ciuitate
728 2709 806 2784 ipsa.
856 2707 926 2768 Uidi
954 2707 1050 2767 etiam
1080 2725 1154 2766 mox

99 2800 281 2875 episcopum
307 2800 367 2860 loci
395 2799 494 2874 ipsius
520 2817 594 2858 uere
622 2803 764 2858 sanctum
791 2803 822 2858 et
849 2798 1005 2857 hominem
1033 2797 1097 2869 Dei,
1124 2801 1156 2856 et

90 2881 205 2964 'ipsum
223 2891 255 2946 et
273 2888 461 2948 monachum
479 2892 512 2947 et
530 2889 752 2960 confessorem,
773 2887 826 2964 qui
847 2904 921 2946 mox
939 2873 1030 2947 dahis
1048 2886 1155 2946 omnia

97 2980 168 3037 loca
205 2977 248 3037 ihi
287 2978 451 3038 ostendere
491 2978 635 3054 dignatus
673 2981 730 3050 est,
766 2964 850 3053 ¹quae
889 2976 1153 3036 desiderabamus

11 3081 81 3123 aaa.
97 3069 132 3130 3.
153 3067 232 3125 Nam
251 3067 339 3126 duxit
359 3085 416 3125 nos
436 3066 541 3126 statim
560 3067 600 3125 ad
619 3067 793 3137 ecclesiam,
814 3084 894 3142 quae
912 3070 962 3124 est
980 3064 1063 3124 toras
1083 3065 1155 3123 ciui-

97 3159 194 3215 tatem
221 3157 253 3214 in
277 3173 316 3214 eo
342 3155 420 3226 loco,
445 3155 499 3214 uhi
525 3153 585 3213 tuit
609 3155 721 3214 domus
746 3153 846 3214 sancti
871 3154 1022 3224 Abrahae,
1048 3152 1080 3211 id
1105 3156 1155 3214 est

99 3246 133 3304 in
159 3245 236 3320 ipsis
262 3244 472 3304 fundamentis
495 3247 529 3304 et
550 3244 589 3303 de
614 3245 683 3320 ipso
709 3243 821 3318 iapida,
845 3247 880 3302 ut
904 3247 1008 3302 tamen
1032 3242 1155 3302 dicebat

98 3339 227 3394 sanctus
249 3335 424 3410 episcopus.
465 3332 541 3393 Cum
560 3350 632 3408 ergo
651 3334 850 3392 uenissemus
871 3333 904 3391 in
924 3333 993 3408 ipsa
1010 3331 1155 3403 ecclesia,

99 3425 184 3483 iacta
202 3427 251 3482 est
267 3425 368 3483 oratio
386 3427 417 3482 et
434 3423 533 3482 lectus
551 3423 619 3500 ipse
637 3423 726 3504 locus
743 3423 782 3481 de
801 3422 923 3492 Genesi,
941 3421 1042 3480 dictus
1059 3421 1155 3481 etiam

98 3528 182 3574 unus
212 3513 360 3588 psalmus,
388 3516 420 3571 et
447 3514 560 3575 iterata
585 3513 727 3571 oratione
766 3515 798 3571 et
826 3511 870 3570 sic
898 3511 1065 3570 bendioeos
1094 3528 1155 3579 noa¹

97 3605 267 3679 episcopus
290 3603 408 3678 egressi
432 3605 539 3660 sumus
563 3602 658 3660 toras.
699 3603 733 3666 4.
758 3601 834 3660 Item
859 3601 1001 3676 dignatus
1023 3603 1073 3660 est
1094 3618 1152 3659 nos

99 3685 214 3752 ducere
245 3691 286 3750 ad
317 3695 443 3767 puteum
474 3689 572 3763 illum,
602 3691 686 3750 unde
717 3690 860 3765 portabat
890 3707 1006 3765 aquam
1045 3694 1155 3748 sancta

100 3773 251 3840 Rebecca.
297 3780 335 3839 Et
362 3782 406 3841 ait
431 3780 523 3839 nobis
551 3785 679 3839 sanctus
706 3780 888 3854 episcopus:
918 3778 1015 3837 “Ecce
1042 3781 1152 3853 puteus

98 3871 183 3931 unde
200 3872 323 3947 putauit
340 3873 449 3929 sancta
466 3869 608 3929 Rebecca
624 3870 758 3928 camelos
777 3868 865 3944 pueri
884 3867 983 3928 sancti
1000 3867 1154 3939 Abrahae,

97 3961 130 4020 id
160 3963 208 4020 est
237 3959 411 4031 Eleazari”;
441 3963 472 4018 et
500 3958 622 4035 singula
650 3960 695 4018 ita
722 3959 812 4018 nobis
842 3957 1026 4034 dignabatur
1054 3960 1155 4016 osten-

173 4098 183 4130 ²
201 4097 255 4166 legi
273 4098 296 4152 si
315 4099 349 4152 A.
370 4125 402 4135 -
424 4094 434 4126 ²
452 4097 519 4150 subt
536 4113 584 4150 vor
601 4095 693 4150 statim
710 4099 740 4149 ia
758 4095 807 4150 A*.
