2884 4738
726 274 932 334 ..33-

216 452 220 521 2
296 415 416 514 pascha
441 435 476 495 fit
501 436 607 496 missa.
643 436 676 497 6.
702 434 869 510 Propterea
892 437 997 494 autem
1021 451 1061 493 ea
1086 433 1136 493 die
1161 434 1220 492 hoc
1245 434 1343 512 agitur,

216 577 218 582 ,
299 527 446 602 quoniam
476 524 557 584 sicut
585 525 617 583 in
648 525 810 600 euangelio
840 522 989 599 scriptum
1018 526 1074 595 θεῖ,
1104 526 1176 582 ante
1206 541 1261 582 sex
1287 522 1344 580 dies

216 611 220 682 ἶ
298 617 434 690 paschae
456 614 573 672 factum
596 613 655 671 hoc
678 612 790 673 inisset
812 613 845 671 in
867 612 1020 673 Bethania
1026 633 1034 683 ;
1059 612 1096 670 de
1120 611 1251 670 sabbato
1272 613 1345 670 enirn
1404 586 1405 674 X

221 712 223 718 ’
298 704 450 778 usquein
471 703 579 778 quinta
598 702 685 773 feria,
707 719 768 777 qua
787 707 858 776 post
877 718 954 760 cena
974 705 1067 760 noctu
1087 701 1347 775 comprehenditur
1405 746 1406 794 ¹

299 792 459 862 Dominus,
483 809 539 850 sex
562 789 628 850 dies
651 794 733 850 sunt.
766 790 975 849 Reuertuntur
995 806 1068 866 ergo
1090 807 1200 849 omnes
1222 789 1262 847 ad
1283 790 1346 848 ciui·
1405 797 1406 834 ³

300 884 395 940 tatem
419 883 521 939 rectus
546 880 764 940 adAnastase
787 883 819 938 et
842 878 877 938 fit
900 879 1061 938 lucernare
1085 879 1174 938 iuxta
1196 882 1320 939 consuet
1340 912 1348 920 ·

299 969 412 1028 dinem.

368 1057 461 1116 XXX.
491 1059 523 1120 1.
543 1057 612 1116 Alia
631 1075 702 1133 ergo
722 1057 781 1128 die,
801 1057 832 1117 id
852 1060 899 1116 θεῖ
918 1056 1083 1128 dominica,
1103 1055 1206 1132 qua[e]
1226 1055 1349 1115 intratur
1407 1064 1408 1152 ¹

298 1147 331 1206 in
347 1145 522 1222 septimana
537 1146 694 1222 paschale,
711 1163 805 1222 quam
820 1147 872 1205 hic
887 1146 1046 1221 appellant
1061 1146 1237 1221 septimana
1251 1145 1349 1217 maier,

299 1235 462 1295 celebratis
483 1235 521 1294 de
541 1235 698 1310 pullorum
718 1238 811 1294 cantu
833 1233 909 1306 his1,
931 1252 1010 1311 quae
1030 1234 1265 1294 consuetudinis
1285 1237 1352 1293 sunt
1408 1224 1409 1284 i

298 1325 332 1384 in
356 1324 510 1383 Anastase
535 1324 587 1383 uel
613 1324 653 1383 ad
680 1323 809 1383 Crucem
834 1341 933 1399 usque
958 1324 999 1382 ad
1025 1341 1115 1382 mane
1140 1322 1282 1400 agi[tur]:
1306 1323 1350 1381 die
1409 1382 1410 1430 ¹

266 1457 271 1468 .
299 1430 370 1488 ergo
402 1413 558 1473 dominica
589 1431 681 1474 mane
712 1413 889 1489 proceditur
920 1413 1008 1472 iuxta
1038 1411 1294 1472 consuetudinem
1320 1411 1351 1470 in

298 1503 429 1562 ecclesia
465 1501 591 1573 maiore,
629 1519 708 1578 quae
744 1502 918 1577 appellatur
955 1501 1145 1577 Martyrium.
1192 1501 1352 1576 Propterea
1410 1541 1411 1582 ¹

298 1595 404 1651 autem
428 1591 610 1666 Martyrium
634 1591 816 1666 appellatur,
842 1590 916 1666 quia
939 1592 973 1650 in
997 1590 1149 1667 Golgotha
1174 1593 1230 1662 est,
1256 1591 1288 1649 id
1310 1595 1355 1649 θεῖ

245 1675 247 1682 ’
299 1684 371 1755 post
398 1679 535 1751 Crucem,
563 1679 617 1738 ubi
645 1679 795 1739 Dominus
823 1697 935 1755 passus
962 1683 1019 1752 est,
1046 1682 1078 1739 et
1103 1679 1173 1739 ideo
1200 1679 1351 1755 Martyrio.
1411 1701 1412 1740 r

299 1769 332 1830 2.
356 1768 432 1828 Cum
456 1786 527 1844 ergo
550 1768 705 1828 celebrata
727 1768 842 1827 inerint
862 1768 969 1827 omnia
990 1770 1078 1828 iuxta
1100 1768 1354 1827 consuetudinem

296 1860 329 1916 in
354 1857 485 1918 ccclesia
510 1859 637 1929 maiore,
662 1860 695 1915 θῖ
717 1861 885 1933 antequam
910 1856 965 1916 fiat
989 1859 1095 1930 missa,
1121 1857 1223 1916 mittet
1247 1874 1352 1916 uocem
1412 1861 1413 1872 ¹

295 1946 534 2004 archidiaconus
566 1950 597 2004 et
628 1945 704 2004 dicit
734 1945 883 2021 primum:
917 1947 1017 2005 “rsta2
1049 1946 1223 2022 septimana
1255 1964 1352 2016 omne,

297 2034 329 2093 id
358 2039 405 2094 est
434 2037 469 2095 dc
498 2036 547 2094 die
576 2035 721 2106 crastino,
751 2036 829 2094 hora
857 2054 940 2095 nona
967 2054 1077 2095 omnes
1105 2036 1146 2094 ad
1174 2035 1354 2111 Martyrium

297 2125 530 2196 conueniamus‚
548 2125 580 2183 id
598 2128 646 2184 est
663 2126 696 2184 in
713 2125 845 2184 ecclesia
861 2125 1007 2185 maiore”.
1035 2125 1111 2184 Item
1129 2124 1230 2184 mittet
1248 2143 1355 2183 uocem

295 2214 426 2273 alteram
453 2217 483 2273 et
511 2214 607 2273 dicet:
636 2214 753 2273 “Hodie
779 2232 889 2274 omnes
915 2215 992 2273 hora
1020 2215 1153 2290 septima
1180 2214 1212 2272 in
1240 2214 1356 2272 Eleona

296 2303 396 2379 parati
418 2303 546 2362 simus”.
579 2304 612 2365 3.
635 2303 729 2362 Facta
752 2322 823 2379 ergo
846 2303 943 2362 missa
966 2305 998 2363 in
1021 2303 1152 2364 ecclesia
1175 2302 1303 2374 maiore,
1327 2303 1357 2361 id

297 2392 403 2450 estad
424 2391 614 2467 Martyrium,
636 2392 799 2453 deducitur
817 2394 983 2468 episcopus
1003 2410 1075 2451 cum
1094 2393 1197 2468 ymnis
1219 2392 1259 2450 ad
1280 2393 1358 2450 Ana-

295 2482 389 2550 stase‚
417 2484 447 2540 et
472 2481 514 2539 ibi
540 2481 712 2556 completis,
740 2499 818 2556 quae
846 2481 849 2557 i
877 2482 1070 2540 consuetudo
1096 2485 1143 2540 est
1169 2480 1281 2540 diebus
1309 2482 1359 2539 do·
1375 2490 1398 2533 n

296 2569 419 2628 minicis
440 2568 506 2628 fieri
526 2569 560 2628 in
579 2570 733 2629 Anastase
753 2574 825 2645 post
844 2570 941 2629 missa
961 2569 1108 2646 Martyrii‚
1131 2574 1161 2629 et
1181 2570 1244 2628 iam
1265 2589 1360 2629 unus-

297 2659 428 2734 quisque
446 2658 535 2718 hiens
553 2659 594 2717 ad
612 2659 740 2717 domum
759 2675 848 2718 suam
866 2659 995 2719 festinat
1011 2659 1208 2730 manducare,
1227 2663 1264 2718 ut
1282 2659 1362 2718 hora

296 2747 465 2822 inquoante
489 2748 621 2823 septima
643 2766 753 2807 omnes
776 2749 810 2807 in
832 2749 964 2808 ecclesia
986 2747 1086 2824 parati
1110 2748 1181 2819 sint,
1206 2765 1288 2824 quae
1314 2754 1364 2808 est

295 2835 328 2893 in
351 2837 476 2908 Emona,
501 2837 532 2895 id
556 2840 603 2896 θεῖ
625 2838 658 2896 in
680 2841 786 2896 monte
810 2835 933 2908 Oliueti,
956 2837 1028 2896 ubi³
1050 2841 1099 2896 est
1121 2838 1272 2912 spelunca
1295 2837 1361 2907 illa,

296 2925 328 2983 in
350 2942 412 2999 qua
434 2925 566 2984 docebat
587 2925 747 2985 Dominus.

200 3023 282 3068 nea.
367 3013 473 3072 XXXI.
508 3016 540 3076 1.
565 3014 648 3073 Hora
673 3033 744 3091 ergo
769 3016 902 3090 septima
925 3015 1027 3074 omnis
1051 3016 1185 3090 populus
1210 3017 1365 3075 ascendet

295 3101 328 3160 in
356 3107 461 3162 monte
490 3102 615 3174 Oliueti,
643 3103 675 3162 id
704 3108 752 3163 est
779 3104 811 3163 in
840 3104 965 3175 Eleona,
994 3104 1027 3162 in
1054 3104 1196 3176 ecelesia,
1225 3105 1283 3164 sed
1315 3109 1364 3164 ets

297 3192 462 3266 episcopus
470 3214 478 3263 3
502 3193 647 3251 dicuntur
670 3192 754 3268 ymni
777 3198 808 3252 θῖ
831 3194 1021 3268 antiphonae
1043 3199 1115 3269 apte
1139 3193 1199 3254 diei
1223 3194 1285 3269 ipsi
1310 3194 1364 3254 uel

294 3281 373 3355 ioco,
401 3281 550 3340 lectiones
578 3281 672 3341 etiam
700 3282 851 3341 similiter.
888 3283 926 3342 Et
952 3301 1023 3342 cum
1049 3282 1165 3358 ceperit
1191 3301 1226 3342 se
1254 3283 1363 3343 iacere

296 3370 372 3427 hora
397 3387 489 3440 nona,
516 3370 637 3428 subitur
662 3388 733 3429 cum
758 3371 861 3446 ymnis
886 3372 919 3431 in
944 3372 1104 3444 Inbomon‚
1131 3372 1163 3431 id
1189 3377 1236 3432 θεῖ
1261 3373 1297 3432 in
1325 3390 1364 3432 eo

295 3458 373 3530 loco,
402 3459 440 3517 de
468 3476 529 3535 qno
555 3459 698 3519 ascendit
724 3459 874 3520 Dominus
902 3462 934 3521 in
961 3461 1065 3532 caelis,
1092 3465 1124 3520 θῖ
1150 3460 1194 3519 ihi
1221 3462 1364 3532 seditur;

296 3565 367 3605 nam
391 3548 492 3606 omnis
514 3549 648 3623 populus
671 3566 793 3623 semper
814 3553 976 3626 praesente
998 3550 1143 3626 episcopo
1165 3550 1294 3610 iubetur
1319 3569 1367 3610 εθ-

296 3636 378 3707 dere,
407 3639 527 3695 tantum
555 3637 638 3713 quod
665 3638 812 3697 diacones
840 3638 898 3697 soli
926 3643 1010 3698 stant
1036 3657 1166 3714 semper.
1204 3640 1367 3721 Dicuntur

297 3731 327 3784 et
341 3725 393 3784 'ibi
419 3726 505 3800 ymni
531 3726 581 3785 uel
606 3727 796 3802 antiphonae
820 3731 911 3801 aptae
936 3727 1004 3786 loco
1030 3732 1085 3788 aut
1110 3727 1187 3788 diei:
1213 3728 1367 3789 similiter

296 3819 327 3873 et
340 3814 489 3874 lectiones
504 3814 706 3890 interpositae
721 3820 751 3875 et
764 3818 932 3876 orationes.
957 3818 990 3878 2.
1005 3815 1120 3875 Etiam
1135 3835 1206 3876 cum
1220 3817 1369 3893 coeperit

296 3921 366 3962 esse
394 3903 471 3962 hora
498 3903 671 3976 undecima,
701 3904 811 3980 legitur
839 3906 890 3964 ille
918 3906 1005 3964 locus
1034 3906 1072 3966 de
1100 3906 1274 3983 euangelio,
1307 3905 1367 3965 ubi

370 4045 379 4076 ¹
398 4040 513 4094 cantatis
532 4043 567 4094 Δ.
586 4071 621 4081 -
639 4045 650 4078 ¹
668 4041 743 4095 iuxta
761 4043 796 4096 A.
817 4073 848 4082 —
872 4041 882 4073 ³
899 4042 937 4096 ihi
955 4045 990 4097 A.
1010 4071 1043 4082 -
1063 4041 1074 4074 ⁴
1093 4044 1166 4097 sedet
1185 4044 1252 4109 AD).
