2884 4738
524 291 709 348 -u-

86 449 189 510 nobis.
232 449 318 525 Quae
341 449 467 526 quidem
487 449 595 508 omnia
616 449 796 525 singulatim
816 448 952 508 scribere
975 448 1052 508 satis
1074 448 1142 521 ruit,

86 540 159 615 quia
186 556 243 598 nec
270 540 414 598 retineril
440 543 583 614 poterant
609 543 710 610 tanta3
738 539 794 598 sed
820 557 891 598 cum
917 539 997 614 leget
1022 538 1147 611 affectio,

87 633 194 688 uestra
224 628 321 687 libros
353 633 477 688 sanctos
507 628 618 703 Moysi,
648 628 754 687 omnia
782 627 961 703 diligentius
992 627 1141 704 peruidet,

89 735 169 794 quae
190 717 235 777 ibi
255 717 338 777 iacta
358 723 439 777 sunt.
477 719 510 782 a.
530 718 613 776 Haec
634 721 682 778 θεῖ
700 732 772 794 ergo
790 718 894 788 uallis,
914 717 967 776 ubi
987 717 1143 777 celebrata

86 811 136 866 cst
159 807 276 883 pascha
299 807 452 883 completo
473 825 558 868 anno
581 807 783 882 protectionis
807 806 942 866 filiorum
966 808 1083 866 Israhel
1105 807 1142 866 de

86 901 168 956 terra
189 897 307 973 Egypti
329 898 476 978 quoniam
495 898 529 957 in
548 897 618 972 ipsa
638 897 719 957 ualle
739 897 805 971 filii
824 897 942 956 Israhel
962 897 1144 955 commorati

87 991 162 1045 sunt
188 986 381 1061 aliquandiu,
406 985 439 1045 id
465 989 513 1045 est
537 987 635 1045 donec
661 989 788 1045 sanctus
813 986 937 1061 Moyses
962 985 1144 1045 ascenderet

89 1077 122 1135 in
141 1080 280 1135 montem
301 1075 357 1134 Dei
376 1079 409 1134 et
426 1075 629 1135 descenderet
648 1074 782 1150 primum
803 1079 833 1134 et
850 1076 970 1146 iterato,
990 1078 1022 1134 ot
1040 1075 1142 1136 denuo

89 1165 199 1224 tandiu
231 1164 274 1223 ibi
306 1165 450 1224 inmorati
482 1169 564 1236 sunt,
595 1165 696 1224 donec
728 1164 816 1224 fieret
847 1164 1082 1223 tabernaculum
1111 1166 1145 1224 θῖ

89 1255 220 1330 singula,
243 1269 323 1330 quae
343 1260 473 1314 ostensa
492 1257 566 1313 sunt
584 1255 617 1313 in
636 1258 774 1314 montem
795 1254 859 1313 Dei.
897 1253 979 1312 Nam
997 1258 1144 1313 ostensus¹

87 1348 134 1404 est
164 1345 255 1403 nobis
286 1349 317 1403 et
345 1345 397 1404 ille
427 1345 524 1416 locus
555 1345 587 1402 in
617 1363 678 1420 quo
708 1343 865 1403 confixum
895 1365 915 1403 o
943 1343 1049 1418 Moyse
1078 1347 1144 1402 ,θεῖ2

87 1433 231 1508 primitus
245 1433 482 1492 tabernaculum
492 1438 525 1491 et
536 1433 675 1509 perfecta
685 1436 759 1492 sunt
771 1433 903 1508 singula,
917 1450 997 1508 quae
1009 1432 1145 1492 iusserat

88 1523 171 1581 Deus
195 1523 228 1581 in
248 1527 386 1581 montem
407 1523 518 1598 Moysi,
540 1527 576 1580 ut
596 1521 714 1582 fierent.
757 1524 812 1587 lo.
833 1522 973 1582 Vidimus
994 1521 1088 1581 etiam
1109 1523 1143 1582 in

10 1645 13 1664 .
58 1616 227 1670 .extrema
254 1613 316 1670 iam
343 1612 425 1671 ualle
452 1612 523 1688 ipsa
545 1612 714 1671 memorias
740 1610 1020 1688 concupiscentiae,
1048 1611 1081 1670 in
1105 1628 1143 1685 eo
1193 1637 1197 1642 ¹

89 1707 193 1760 tamen
215 1701 294 1772 loce,
318 1702 350 1760 in
372 1719 434 1777 quo
456 1703 558 1760 denuo
581 1702 698 1761 reuersi
722 1719 830 1760 sumus
851 1702 891 1760 ad
911 1702 970 1761 iter
990 1706 1141 1772 nostrum,

86 1791 147 1850 hoc
167 1794 216 1849 est
234 1791 290 1850 ubi
308 1797 459 1850 exeuntes
478 1791 517 1850 de
539 1791 619 1851 ualle
640 1791 695 1851 illa
714 1791 829 1867 grande
848 1790 1013 1866 reingressi
1033 1809 1140 1850 sumus

83 1882 146 1953 uia,
172 1899 234 1956 qua
257 1899 454 1953 ueneramus
478 1883 704 1940 intermontes
727 1881 808 1952 illos,
834 1899 911 1956 quos
935 1880 1077 1955 superius
1102 1879 1143 1939 di·

86 1986 204 2028 xeram.
255 1969 333 2028 Nam
365 1971 459 2028 etiam
490 1970 560 2045 ipsa
589 1969 639 2029 die
668 1970 859 2029 accessimus
891 1973 923 2029 et
952 1970 991 2028 ad
1022 1973 1141 2028 ceteros

85 2059 258 2118 monachos
285 2059 378 2118 ualde
407 2064 543 2130 sanctos,
572 2059 625 2134 qui
654 2063 758 2118 tamen
786 2077 841 2134 pro
869 2063 951 2118 etate
978 2063 1033 2118 aut
1059 2058 1142 2117 inbe-

86 2149 216 2208 cillitate
242 2166 403 2208 occurrere
427 2149 460 2207 in
482 2154 587 2208 monte
611 2148 666 2207 Dei
688 2149 730 2207 ad
753 2148 944 2208 oblationem
966 2148 1144 2207 taciendam

85 2255 151 2296 non
177 2242 335 2313 poterant;
361 2239 415 2313 qui
440 2243 543 2298 tamen
567 2255 624 2297 nos
650 2237 766 2314 dignati
792 2238 920 2298 suntin
943 2237 1141 2298 monasteriis

87 2329 154 2386 suis
188 2327 392 2387 aduenientes
423 2328 517 2386 ualde
549 2328 685 2386 humane
715 2327 882 2403 suscipere.
934 2329 989 2391 11.
1022 2327 1066 2385 Ao
1097 2327 1141 2385 sic

86 2434 160 2492 ergo
193 2417 264 2476 uisa
296 2417 364 2476 loca
394 2421 506 2475 sancta
534 2418 650 2488 omnia,
684 2435 764 2492 quae
796 2416 1052 2488 desiderauimus
1084 2434 1141 2475 nec

85 2516 152 2567 lion
169 2508 265 2564 etiarn
281 2511 315 2565 et
329 2507 438 2565 omnia
454 2506 533 2578 loca,
553 2524 632 2582 quae
650 2506 706 2565 filii
724 2507 842 2566 Israhel
860 2507 1022 2582 tetigerant
1039 2506 1141 2565 eundo

86 2596 138 2656 uel
161 2595 320 2654 redeundo
343 2596 383 2654 ad
403 2601 541 2655 montem
563 2597 628 2667 Dei,
650 2597 728 2655 visis
749 2595 845 2655 etiam
864 2599 896 2653 et
917 2596 1033 2655 sanctis
1054 2595 1141 2668 uiris,

87 2686 140 2761 qui
165 2684 209 2743 ibi
234 2685 513 2757 commorabantur,
537 2686 570 2744 in
594 2685 719 2748 nomine
744 2686 799 2744 Dei
823 2684 955 2761 regressi
978 2701 1085 2743 sumus
1109 2685 1142 2743 in

8 2775 198 2834 ueaFaran.
240 2776 296 2838 12.
317 2774 355 2832 Et
374 2775 449 2834 licet
468 2792 590 2850 semper
610 2776 674 2834 Deo
696 2776 729 2833 in
748 2774 894 2833 omnibus
916 2774 1030 2850 gratias
1052 2785 1144 2850 agere¹

84 2864 227 2935 debeam,
255 2882 320 2924 non
347 2864 452 2924 dicam
480 2865 513 2923 in
540 2865 589 2922 his
618 2864 712 2924 tantis
740 2867 772 2924 et
798 2863 922 2934 talibus,
952 2881 1031 2940 quae
1059 2863 1141 2923 circa

85 2971 135 3012 me
161 2953 303 3012 conterre
330 2953 475 3028 dignatus
499 2956 549 3012 est
573 2953 733 3029 indignam
757 2956 790 3012 et
815 2969 879 3012 non
903 2957 1081 3024 merentem,
1107 2956 1142 3011 ut

8 3116 11 3127 Ι
83 3043 333 3118 perambulatam
365 3044 470 3102 omnia
500 3043 578 3115 loca,
611 3061 690 3119 quae
721 3043 782 3102 mei
812 3043 915 3102 meriti
946 3061 1009 3102 non
1039 3047 1142 3102 erant:

86 3136 191 3190 tamen
215 3133 312 3190 etiam
336 3136 369 3191 et
393 3132 455 3190 illis
480 3131 626 3191 omnibus
651 3132 769 3191 sanctis
795 3149 853 3191 nec
878 3131 1001 3191 sufficio
1027 3131 1143 3208 gratias

84 3239 187 3298 agere,
205 3223 258 3296 qui
273 3239 374 3282 meam
389 3221 576 3296 parilitatem
592 3221 800 3297 dignabantur
813 3222 846 3279 in
863 3221 927 3279 suis
942 3220 1140 3280 monasteriis

83 3310 195 3370 libenti
211 3311 316 3370 animo
334 3310 492 3387 suscipere
508 3312 559 3370 uel
576 3316 657 3371 certe
674 3329 729 3386 per
744 3310 852 3369 omnia
866 3313 936 3370 loca
954 3309 957 3386 l
976 3311 1138 3382 deducere,
1158 3323 1190 3366 aa

86 3417 167 3477 quae
198 3417 257 3476 ego
287 3418 409 3476 semper
440 3401 529 3459 iuxta
558 3400 729 3476 scripturas
770 3404 894 3459 sanctas
936 3400 1140 3476 requirebam.

85 3489 216 3549 Plurimi
245 3493 348 3548 autem
374 3508 416 3548 ex
441 3489 518 3566 ipsis
544 3489 673 3561 sanctis,
702 3489 755 3566 qui
783 3489 816 3548 in
842 3494 981 3548 montem
1008 3490 1062 3548 Dei
1089 3490 1140 3548 uel

85 3581 169 3639 circa
193 3579 295 3654 ipsum
317 3585 454 3638 montem
476 3578 757 3650 commorabantur,
781 3578 897 3655 dignati
919 3582 992 3639 sunt
1014 3596 1071 3638 nos
1093 3595 1141 3638 us·

87 3686 148 3745 que
173 3669 206 3727 in
225 3669 331 3727 Faran
354 3669 518 3739 deducere,
543 3668 596 3744 qui
620 3672 723 3728 tamen
748 3668 868 3728 fortiori
892 3685 1019 3744 corpore
1042 3671 1140 3726 erant.

153 3758 201 3817 VI.
237 3759 270 3820 1.
304 3756 348 3816 Ac
374 3758 418 3817 sic
444 3775 515 3834 ergo
540 3775 611 3817 cum
636 3759 886 3833 peruenissemus
912 3758 1032 3829 laram,
1059 3758 1142 3833 quod

84 3851 158 3906 sunt
183 3865 202 3905 a
227 3850 333 3906 monte
359 3847 414 3906 Dei
440 3846 526 3905 milia
551 3847 677 3923 triginta
702 3851 734 3906 et
758 3848 903 3923 quinque,
930 3863 1057 3906 necesse
1082 3864 1141 3906 nos

159 4039 169 4072 ¹
187 4041 304 4095 retinere
323 4043 357 4096 A.
380 4071 406 4086 -ν
431 4040 442 4074 ²
461 4042 583 4095 confixus
601 4058 661 4095 mos
680 4046 751 4107 esset
768 4043 803 4094 A.
