2884 4738
1416 239 1417 280 I

736 284 942 386 -asss-
1332 338 1337 347 ·

304 490 378 547 ante
402 488 509 548 solem.
542 487 575 550 8.
599 485 677 546 Tota
698 490 803 546 autem
825 491 916 546 nocte
938 487 1061 548 uicibus
1086 488 1231 548 dicuntur
1253 491 1354 566 psalmi
1416 541 1417 572 ζ

306 575 504 652 responsorii,
527 572 651 635 uicibus
674 575 872 651 antiphonae,
897 575 1018 635 uicibus
1041 577 1189 636 lectiones
1213 577 1355 650 diuersae,

303 682 384 740 quae
412 665 518 724 omnia
545 681 647 740 usque
674 663 708 724 in
724 662 828 724 'mane
855 665 1086 740 protrahuntur.
1125 666 1221 727 Missa
1250 671 1353 734 autem,

303 771 384 829 quae
400 752 435 812 fit
451 753 582 813 sabbato
598 753 638 811 ad
655 754 818 825 Anastase‚
833 758 908 813 ante
923 754 1021 813 solem
1038 753 1081 827 fit,
1099 755 1158 814 hoc
1173 759 1223 814 est
1237 755 1354 828 oblatio,
1416 761 1417 838 i

302 847 339 900 ut
357 859 394 901 ea
413 843 499 913 hora,
521 859 582 917 qua
600 842 711 918 incipit
729 843 776 902 sol
795 843 971 918 procedere,
991 846 1039 903 et1
1059 843 1213 922 missaIm]
1234 844 1266 903 in
1285 846 1354 904 Ana·
1416 845 1417 908 3

302 933 388 990 stase
414 931 496 989 facta
522 931 571 990 sIt.
608 930 659 990 Sic
684 949 757 1007 ergo
783 931 923 1008 singulae
949 933 1142 1007 septimanae
1168 933 1356 993 celebrantur

303 1019 618 1095 quadragesimarum.
648 1021 682 1082 9.
705 1018 794 1095 Quod
814 1023 920 1082 autem
941 1021 1015 1092 dixi,
1036 1023 1189 1081 maturius
1211 1021 1246 1080 fit
1266 1021 1357 1082 missa

240 1099 243 1116 ²
301 1107 442 1180 sabbato,
470 1106 474 1184 I
500 1108 532 1168 id
560 1112 608 1168 est
633 1111 707 1168 ante
735 1109 842 1181 solem,
870 1114 1033 1185 prophetea
1060 1109 1103 1182 fit,
1132 1115 1166 1168 ut
1192 1111 1283 1171 citius
1308 1111 1354 1170 ab·
1367 1122 1391 1164 aa
1416 1105 1417 1160 i

301 1197 426 1256 soluant
449 1197 490 1268 hi,
515 1215 594 1272 quos
617 1198 726 1257 dicunt
748 1199 798 1256 hio
822 1198 1068 1258 ebdomadarios.·
1096 1199 1174 1257 Nam
1198 1199 1269 1259 talis
1292 1217 1354 1259 con·
1416 1217 1417 1256 i

300 1288 434 1346 suetudo
459 1290 508 1346 est
532 1287 582 1345 hic
606 1286 794 1347 ieiuniorum
818 1287 852 1347 in
876 1286 1130 1364 quadragesimis,
1155 1292 1191 1347 ut
1214 1288 1256 1361 hi,
1282 1307 1354 1365 quos
1416 1327 1417 1350 i

300 1375 459 1451 appellant
472 1375 721 1448 ebdomadarios,
737 1377 833 1436 idest
849 1376 901 1451 qui
916 1376 1035 1435 faciunt
1050 1377 1250 1453 septImanas,
1267 1378 1354 1436 domi·
1416 1351 1417 1424 I

300 1465 370 1523 nica
387 1465 446 1536 die,
463 1465 536 1540 quia
552 1466 629 1524 hora
645 1465 753 1540 quinta
769 1465 804 1524 fit
820 1465 926 1537 missa,
941 1470 978 1525 ut
992 1467 1189 1526 manducent.
1215 1467 1253 1526 Et
1269 1485 1356 1544 quem

299 1554 340 1612 ad
361 1555 488 1613 modum
509 1555 724 1630 prandiderint
744 1554 899 1614 dominica
921 1555 979 1626 die,
1001 1556 1064 1614 iam
1084 1574 1149 1615 non
1170 1557 1355 1618 manducant

298 1644 360 1703 nisi
375 1644 506 1703 sabbato
521 1663 621 1716 mane,
636 1663 710 1703 mox
724 1644 1022 1704 communicauerint
1036 1645 1068 1704 in
1082 1645 1245 1705 Anastase.
1270 1647 1355 1722 Prop-

299 1737 345 1792 ter
368 1734 455 1809 ipsos
478 1752 560 1809 ergo,
584 1738 621 1793 ut
644 1733 735 1792 citius
759 1734 935 1806 absoluant,
961 1739 1032 1794 ante
1057 1735 1122 1794 sole
1146 1734 1181 1792 fit
1205 1735 1302 1795 missa
1324 1736 1354 1794 in
1416 1761 1417 1816 }

298 1823 452 1882 Anastase
472 1823 612 1882 sabbato
643 1823 732 1899 Quod
752 1827 857 1882 autem
877 1823 951 1895 dixi,
972 1828 1097 1899 propter
1116 1824 1187 1883 illos
1207 1824 1242 1883 fit
1262 1825 1356 1884 missa
1416 1877 1417 1882 ,

298 1931 398 1984 mane,
415 1930 479 1971 non
497 1913 580 1987 quod
596 1912 641 1972 illi
659 1912 718 1972 soli
735 1913 973 1984 communicent,
992 1915 1047 1973 sed
1065 1931 1172 1973 omnes
1190 1914 1355 1973 communi-
1416 1899 1417 1972 ἷ

102 2074 104 2078 ¹
298 2006 378 2074 cant,
406 2003 459 2078 qui
485 2002 596 2061 uolunt
621 2002 731 2061 eadem
758 2002 808 2061 die
834 2003 867 2060 in
893 2002 1047 2062 Anastase
1074 2003 1312 2063 communicare.

198 2102 225 2146 aa
238 2102 280 2146 oe.
365 2090 497 2149 XXVIII.
533 2093 566 2153 1.
593 2090 781 2151 Ieiuniorum
807 2093 891 2151 enirn
917 2093 1110 2151 consuetudo
1136 2093 1186 2151 hic
1212 2092 1283 2153 talis
1309 2097 1358 2152 est
1416 2085 1417 2168 3

294 2181 327 2240 in
350 2179 605 2257 quadragesimis
627 2183 664 2237 ut
685 2179 748 2253 alii,
771 2198 864 2255 quem
885 2180 926 2238 ad
948 2180 1075 2238 modurn
1098 2181 1355 2241 manducauerint

295 2269 450 2329 dominica
470 2269 520 2328 die
540 2272 613 2345 post
631 2269 738 2340 missa,
758 2268 790 2327 id
810 2272 858 2329 est
876 2269 953 2327 hora
973 2269 1082 2344 quinta
1100 2274 1156 2329 aut
1174 2274 1273 2343 sexta,
1293 2271 1354 2328 iam

294 2376 357 2416 non
381 2357 571 2417 manducent
595 2376 650 2432 per
675 2361 740 2417 tota
765 2358 941 2432 septimana
964 2358 1026 2417 nisi
1052 2358 1183 2418 sabbato
1208 2360 1353 2419 ueniente

293 2449 365 2522 post
380 2447 477 2506 missa
494 2446 657 2505 Anastasis
674 2447 716 2518 hi,
734 2447 787 2521 qui
804 2446 923 2505 faciunt
939 2447 1139 2506 ebdomadas.
1166 2449 1199 2509 2.
1217 2446 1354 2507 Sabbato

292 2539 397 2595 autem
416 2535 499 2611 quod
517 2536 775 2594 manducauerint
792 2553 892 2606 mane,
911 2536 974 2593 iam
992 2553 1048 2594 nec
1067 2554 1138 2595 sera
1154 2537 1355 2609 manducant,

292 2624 346 2684 sed
371 2625 412 2683 ad
434 2624 529 2683 aliam
553 2624 645 2696 diem,
669 2624 702 2683 id
723 2627 772 2683 est
796 2624 960 2696 dominica,
985 2625 1138 2699 prandent
1161 2629 1233 2701 post
1255 2626 1356 2685 missa

292 2713 443 2774 ecclesiae
471 2714 547 2772 hora
576 2714 684 2788 quinta
711 2713 763 2771 uel
790 2713 861 2788 plus
889 2716 921 2771 et
947 2717 1057 2788 postea
1085 2715 1148 2773 iam
1176 2732 1239 2773 non
1269 2733 1354 2774 man-

290 2804 431 2874 ducant2,
450 2803 512 2862 nisi
533 2802 663 2862 sabbato
681 2803 837 2874 ueniente,
857 2801 938 2860 sicut
956 2803 1099 2876 superius
1119 2802 1192 2860 dixi.
1222 2803 1256 2865 3.
1277 2803 1355 2864 Con·

291 2892 424 2952 suetudo
453 2892 536 2952 enim
566 2890 616 2949 hic
645 2891 716 2950 talis
745 2894 801 2962 est,
832 2894 866 2950 ut
894 2908 1013 2964 omneS,
1043 2893 1097 2967 qui
1126 2895 1208 2963 sunt,
1237 2896 1275 2950 ut
1303 2893 1354 2951 hic

290 2982 406 3052 dicunt,
426 2981 605 3055 aputantite‚
625 2979 686 3039 uiri
706 2980 757 3039 uel
778 2979 921 3051 feminae,
941 2998 1005 3039 non
1026 2980 1128 3039 solum
1148 2979 1259 3040 diebus
1281 2999 1356 3057 qua·

290 3069 544 3145 dragesimarum,
574 3069 630 3129 sed
659 3072 690 3127 et
718 3071 782 3127 toto
811 3086 903 3140 anno,
933 3086 996 3144 qua
1024 3069 1223 3142 manducant,
1254 3070 1355 3128 semel

193 3170 260 3218 810.
289 3160 321 3218 in
341 3161 392 3218 die
412 3159 610 3217 manducant.
641 3157 674 3216 Si
695 3157 747 3234 qui
767 3162 872 3218 autem
893 3162 967 3216 sunt
987 3157 1122 3233 deipsis
1142 3158 1354 3233 aputactItis³,

290 3249 341 3325 qui
371 3266 435 3307 non
467 3250 600 3322 possunt
629 3247 731 3306 tacere
761 3247 896 3322 integras
928 3248 1119 3322 septimanas
1150 3245 1353 3318 ieiuniorum,

289 3339 370 3397 sicut
398 3335 541 3411 superius
571 3335 717 3406 diximus,
745 3334 779 3392 in
808 3335 880 3394 totis
909 3335 1155 3412 quadragesimIs
1184 3336 1216 3394 in
1245 3336 1354 3396 medio

288 3426 396 3502 quinta
419 3425 498 3484 feria
522 3428 643 3484 cenant.
678 3422 737 3499 Qui
761 3428 867 3484 autem
891 3442 948 3484 nec
972 3425 1031 3483 hoc
1055 3427 1167 3500 potest,
1193 3423 1354 3484 biduanas

287 3517 362 3576 facit
388 3533 444 3591 per
471 3517 553 3574 totas
582 3511 850 3589 quadragesimas;
880 3514 932 3589 qui
961 3517 1066 3573 autem
1093 3531 1150 3572 nec
1177 3514 1281 3589 ipsud,
1314 3514 1354 3573 de

287 3622 357 3664 sera
378 3603 420 3662 ad
443 3620 512 3664 sera
534 3602 732 3660 manducant.
764 3604 798 3664 4.
821 3601 918 3662 Nemo
940 3606 1046 3661 autem
1067 3602 1171 3679 exigit,
1195 3608 1355 3678 quantum

287 3694 399 3754 debeat
425 3692 536 3763 facere,
566 3691 621 3750 sed
648 3707 730 3750 unus
758 3691 890 3766 quisque
918 3694 952 3749 ut
979 3694 1082 3766 potest
1109 3691 1141 3749 id
1169 3691 1260 3762 facit;
1290 3703 1354 3754 ne'c

285 3783 338 3843 ille
367 3781 521 3852 laudatur,
553 3779 605 3856 qui
635 3781 713 3840 satis
743 3779 859 3851 fecerit,
889 3796 946 3838 nec
975 3779 1027 3839 ille
1056 3779 1261 3855 uituperatur,
1294 3778 1356 3856 qui
1409 3795 1413 3802 ·

285 3871 398 3930 minus.
428 3869 511 3929 Talis
533 3872 581 3929 est
602 3870 686 3929 enim
707 3869 757 3928 hic
778 3868 980 3929 consuetudo.
1012 3869 1090 3928 Esca
1111 3873 1216 3928 autem
1235 3887 1355 3928 eorum

285 3958 593 4036 quadragesimarum
617 3958 726 4018 diebus
750 3958 827 4018 haec
849 3961 907 4029 est,
931 3960 967 4017 ut
989 3975 1046 4017 nec
1070 3975 1191 4033 panem,
1216 3955 1236 4032 †
1261 3957 1355 4035 quod

284 4064 519 4152 —setT-
540 4093 550 4126 ²
567 4095 732 4149 manducent
752 4097 783 4148 A.
805 4124 836 4134 -
860 4093 1047 4163 ⁸eputaetites
1065 4095 1100 4147 A.
