2884 4738
527 302 733 363 ..49..

166 463 254 524 XLV.
286 465 319 526 1.
342 463 380 522 Et
398 462 476 523 illud
497 462 592 521 etiarn
614 456 748 521 scribere
771 459 873 532 debui,
896 459 1159 537 quemadmodum

101 556 248 613 docentur
276 552 317 624 hi,
348 551 400 628 qui
428 552 643 627 baptidiantur
668 566 725 626 per
751 549 877 626 pascha.
916 549 996 608 Nam
1024 549 1076 624 qui
1105 549 1160 608 dat

100 661 212 702 nomen
234 659 336 714 suum,
358 645 430 701 ante
451 641 534 700 diem
555 640 862 716 quadragesimarum
883 638 946 711 dat,
967 642 999 697 et
1019 639 1160 698 omnium

99 732 225 791 nomina
252 733 384 790 annotat
410 731 581 806 presbyter,
610 730 669 788 hoc
696 733 746 789 est
772 732 843 787 ante
872 728 942 787 illas
970 730 1040 787 octo
1068 728 1159 803 septi-

101 841 219 894 manae,
251 821 363 898 quihus
394 819 459 879 dixi
489 819 539 878 hic
569 819 687 878 attendi
718 819 978 895 quadragesimas.
1019 818 1052 882 2.
1083 817 1160 877 Cum

99 917 204 970 autem
227 911 426 970 annotauerit
448 909 589 968 omnium
613 909 741 969 nomina
764 908 934 983 presbyter,
959 907 1160 983 postmodum

100 1001 160 1060 alia
183 1000 234 1060 die
257 1000 296 1060 de
318 999 575 1076 quadragesimis,
598 997 631 1057 id
654 1000 702 1057 est
725 1015 787 1073 qua
808 997 995 1056 inchoantur
1019 999 1087 1055 octo
1110 995 1159 1055 eb*-

100 1090 261 1162 domadae,
281 1089 408 1165 ponitur
426 1088 572 1164 episcopo
592 1088 740 1146 cathedra
758 1086 862 1147 media
880 1086 1013 1146 ecclesia
1033 1085 1159 1158 maiore,

99 1179 130 1238 id
159 1182 208 1238 est
235 1179 276 1237 ad
304 1177 495 1254 Martyrium,
526 1177 637 1238 sedent
664 1177 737 1236 hinc
765 1180 797 1235 et
825 1175 897 1235 inde
925 1175 1098 1251 presbyteri
1126 1175 1160 1233 in

100 1268 255 1328 cathedris
280 1271 312 1328 et
335 1271 420 1328 stant
444 1266 547 1326 clerici
571 1283 690 1325 omnes.
725 1266 763 1324 Et
786 1267 832 1325 sic
857 1265 1054 1324 adducuntur
1077 1281 1159 1324 unus

100 1361 130 1417 et
147 1373 231 1417 unus
251 1360 435 1433 conpetens;
455 1357 482 1416 si
500 1356 561 1415 uiri
581 1360 663 1427 sunt,
684 1373 755 1414 cum
773 1355 914 1431 patribus
935 1353 1000 1414 suis
1019 1353 1159 1423 ueniunt,

1 1458 31 1500 loo
45 1460 87 1501 ec
100 1449 126 1508 si
143 1451 250 1506 autem
267 1446 411 1518 feminae,
430 1464 501 1505 cum
519 1445 671 1505 matribus
690 1446 766 1504 suis.
794 1445 827 1507 3.
846 1445 884 1503 Et
901 1443 946 1503 sic
964 1442 1160 1520 singulariter

98 1539 269 1612 interrogat
289 1536 456 1611 episcopus
478 1537 601 1595 uicinos
624 1535 700 1606 eius,
725 1533 777 1610 qui
800 1533 937 1605 intrauit,
962 1533 1083 1592 dicens:
1108 1532 1159 1592 “Si

6 1640 31 1680 rr
45 1639 72 1680 e.
100 1627 200 1686 bonae
221 1626 307 1685 uitae
329 1628 377 1684 est
397 1625 457 1696 hic,
481 1625 508 1684 si
530 1625 712 1700 parentibus
735 1623 861 1695 deferet,
884 1622 911 1681 si
933 1622 1075 1681 ebriacus
1097 1640 1160 1681 non

100 1725 148 1775 est
165 1718 221 1774 aut
239 1716 384 1774 uanus?¹’
404 1717 435 1774 et
453 1714 577 1790 singula
594 1713 681 1785 uitia,
703 1731 782 1790 quae
802 1715 875 1772 sunt
893 1716 998 1771 tamen
1018 1712 1161 1788 grauiora

99 1806 131 1864 in
148 1803 284 1877 homine,
302 1805 446 1881 requiret.
472 1805 506 1867 4.
524 1805 578 1862 Et1
596 1804 623 1863 si
641 1802 820 1878 probauerit
837 1801 904 1862 sine
920 1800 1163 1876 reprehensione

99 1913 170 1954 esse
194 1894 233 1953 de
257 1893 306 1953 his
329 1893 485 1966 omnibus,
511 1894 624 1970 quibus
649 1891 813 1968 requisiuit
837 1891 1053 1967 praesentibus
1078 1890 1161 1950 testi-

98 1985 167 2056 bus,
197 1986 328 2043 annotat
354 1983 422 2059 ipse
450 2001 545 2042 manu
573 2000 631 2042 sua
658 2000 773 2041 nomen
801 1981 895 2041 illiue.
934 1980 966 2040 Si
996 1984 1101 2040 autem
1128 1979 1160 2038 in

98 2075 204 2150 aliquo
224 2075 399 2144 accusatur,
420 2072 508 2132 iubet
526 2073 615 2132 illurn
635 2072 720 2131 toras
742 2072 826 2132 exire
847 2071 969 2130 dicens:
992 2069 1161 2129 “Emendet

100 2182 134 2222 se
151 2166 193 2234 et,
213 2181 285 2222 cum
302 2163 516 2222 emendauerit
535 2181 577 2235 se,
598 2166 670 2222 tunc
689 2161 815 2221 accedet
833 2160 873 2220 ad
891 2161 1081 2219 lauacrum’'.
1110 2159 1161 2219 Sic

100 2253 138 2312 dc
160 2253 249 2324 uiriS,
274 2252 319 2312 sic
341 2253 379 2312 de
402 2251 768 2328 mulieribusrequirens
792 2250 874 2309 dicit.
908 2249 941 2309 Si
965 2249 1034 2326 quis
1057 2253 1162 2309 autem

97 2342 280 2418 peregrinus
302 2344 358 2414 est,
380 2341 442 2402 nisi
464 2341 642 2402 testimonia
664 2340 815 2413 habuerit,
839 2339 891 2416 qui
914 2357 985 2399 eum
1007 2339 1160 2412 nouerint,

97 2451 161 2491 non
190 2435 254 2490 tam
282 2431 373 2491 facile
398 2431 526 2491 accedet
550 2432 592 2490 ad
619 2431 818 2507 baptismum.

169 2521 270 2580 XLVI.
306 2522 339 2584 1.
364 2521 430 2580 Hoc
455 2523 568 2593 autem,
595 2521 720 2581 domine
746 2538 878 2592 sorores
904 2537 943 2578 ne
968 2517 1162 2579 extimaretis

98 2611 167 2670 sine
188 2610 309 2670 ratione
329 2609 406 2682 fieri,
428 2611 563 2670 scribere
584 2609 685 2669 debui.
718 2609 917 2670 Consuetudo
939 2612 987 2668 est
1006 2608 1091 2667 enim
1111 2607 1161 2666 hic

97 2701 180 2772 talis,
199 2699 306 2775 utqui
326 2700 478 2760 accedunt
496 2700 536 2758 ad
555 2700 747 2776 baptismum
765 2718 820 2775 per
839 2700 925 2775 ipsos
942 2697 1008 2756 dies
1029 2696 1158 2773 quadra·

97 2791 192 2866 ginta,
221 2789 333 2865 quibus
359 2790 524 2863 ieiunatur,
550 2789 685 2866 primum
710 2797 831 2848 mature
856 2806 876 2846 a
901 2787 1020 2848 clericis
1046 2787 1161 2848 exorci-

97 2881 218 2950 zentur,
243 2897 317 2938 mox
340 2879 439 2939 missa
462 2879 545 2938 iacta
569 2879 663 2939 fuerit
687 2879 724 2938 de
749 2879 902 2938 Anastase
927 2879 1089 2938 matutina.
1124 2879 1162 2936 Et

97 2969 206 3027 statim
227 2969 353 3043 ponitur
374 2968 521 3029 cathedra
543 2971 689 3045 episcopo
711 2969 751 3027 ad
772 2968 955 3044 Martyrium
976 2969 1008 3026 in
1031 2967 1162 3028 ecclesia

96 3058 226 3128 maiore,
251 3061 281 3118 et
304 3059 414 3118 sedent
436 3077 544 3118 omnes
567 3058 599 3117 in
624 3060 689 3134 giro
712 3076 808 3134 prope
832 3059 988 3134 episcopo,
1013 3056 1065 3133 qui
1088 3056 1160 3131 bap·

96 3147 231 3207 tidiandi
261 3152 335 3206 sunt
364 3150 428 3206 tam
456 3147 517 3206 uiri
546 3166 639 3225 quam
668 3147 825 3220 mulieres,
856 3151 941 3207 stant
968 3148 1037 3206 loco
1067 3146 1161 3206 etiam

95 3240 203 3312 patres
231 3238 283 3296 uel
312 3231 436 3309 matres,
466 3255 523 3296 nec
551 3255 614 3297 non
642 3240 737 3297 etiam
765 3236 818 3313 qui
846 3238 957 3296 uolunt
984 3237 1093 3298 audire
1122 3237 1160 3295 de

95 3327 189 3402 plebe
217 3344 327 3386 omnes
355 3328 474 3386 intrant
500 3331 532 3386 et
561 3327 679 3398 sedent,
709 3327 764 3386 sed
793 3325 910 3386 fideles
949 3327 983 3389 2.
1013 3325 1160 3386 Cathecu-
1280 3387 1282 3395 ,

95 3415 202 3475 minus
223 3419 328 3475 autem
347 3417 391 3476 ibi
409 3435 474 3476 non
494 3417 590 3476 intrat
610 3421 692 3489 tunc,
714 3435 776 3494 qua
796 3417 960 3493 episcopus
981 3416 1071 3476 docet
1089 3416 1160 3474 illos
1191 3457 1202 3474 .
1227 3425 1231 3450 ²
1252 3430 1254 3436 ’
1319 3441 1336 3477 .·

95 3505 207 3581 legem,
228 3505 260 3564 id
280 3509 328 3564 est
347 3506 407 3565 sic:
428 3506 580 3566 inchoans
600 3525 620 3564 a
640 3506 759 3566 Genese
778 3524 833 3582 per
853 3507 923 3566 illos
944 3506 1010 3565 dies
1031 3504 1175 3581 quadra-¹
1196 3554 1201 3560 .

0 3612 17 3641 ¹·
38 3605 85 3647 ca.
97 3594 183 3670 ginta
205 3599 364 3670 percurret
385 3614 494 3655 omnes
517 3595 695 3671 scripturas,
718 3596 853 3672 primum
874 3612 1033 3671 exponens
1057 3612 1161 3654 carna-

97 3683 168 3743 liter
195 3687 226 3744 et
253 3683 297 3742 sic
324 3685 401 3743 illud
428 3686 555 3745 soluens
582 3684 792 3761 spiritualiter.
830 3683 892 3743 Nec
918 3703 982 3743 non
1009 3683 1102 3743 etiam
1129 3687 1161 3742 et

97 3771 137 3832 de
162 3774 398 3846 resurrectione,
426 3773 568 3834 similiter
594 3779 625 3834 et
650 3774 688 3833 de
714 3773 774 3832 fide
801 3773 905 3832 omnia
931 3773 1080 3832 docentur
1105 3790 1161 3847 per

96 3861 169 3922 illos
201 3863 285 3934 dies3
317 3863 376 3922 hoc
406 3867 513 3923 autem
544 3864 708 3923 cathecisis
740 3863 922 3938 appellatur.
964 3863 997 3925 3.
1029 3863 1067 3920 Et
1096 3861 1159 3919 iam

98 3952 224 4026 quando
251 3954 423 4028 completae
448 3952 564 4013 tuerint
588 3952 780 4029 septimanae
806 3955 952 4028 quinque,
986 3968 1086 4026 aquo
1107 3950 1158 4009 do-

173 4085 184 4119 ¹
201 4091 232 4142 ut
250 4089 284 4141 A.

154 4193 297 4244 sammtung
310 4193 435 4246 vulgetur
449 4195 529 4239 Texte.
549 4193 568 4236 1.
1047 4196 1061 4236 4
