2884 4738
715 292 919 353 -1g..

287 451 418 524 sedech',
428 470 536 516 ornnes
550 453 583 514 in
599 453 666 528 ipso
682 452 767 512 fonte
781 449 1020 527 baptizarentur,
1028 451 1215 513 sicredirent
1223 455 1347 510 mature

289 543 329 602 ad
349 543 494 604 candelas
516 560 589 604 curn
608 541 727 604 cler-icis
749 545 780 602 et
799 541 959 602 monachis
982 540 1112 600 dicendo
1133 541 1272 616 psalmos
1293 540 1346 598 uel
1412 545 1413 640 q

289 631 478 708 antiphonas,
500 635 531 692 et
554 630 599 692 sic
623 630 751 692 aiente
775 647 874 705 usque
897 629 938 687 ad
963 629 1125 690 ecclesiam
1149 630 1249 707 sancti
1274 629 1346 688 Mel·
1412 693 1413 710 ,

288 720 452 784 chisedech
477 720 701 784 deducerentur
725 722 844 778 mature
870 736 987 789 omnes,
1013 717 1067 794 qui
1090 717 1224 778 tuissent
1247 718 1346 794 bapti·
1412 735 1413 810 q

288 809 357 868 zati.
386 810 422 872 a,
440 808 503 872 Nos
523 825 594 884 ergo
614 807 800 883 accipientes
820 808 858 867 de
877 808 1056 882 presbytero
1076 807 1223 882 eulogiae,
1243 807 1346 866 idest
1412 815 1413 892 l

287 899 325 957 de
342 898 481 974 pomario
500 898 599 957 sancti
617 896 764 958 Iohannis
781 896 944 972 baptistae,
964 895 1104 957 similiter
1121 900 1153 956 et
1170 897 1207 956 de
1224 896 1344 957 sanctis
1412 895 1413 970 i

286 986 457 1057 monachis
484 985 536 1061 qui
561 985 604 1045 ibi
631 988 820 1044 monasteria
845 985 1001 1044 habebant
1024 984 1058 1044 in
1082 985 1150 1060 ipso
1176 985 1266 1043 horto
1292 1003 1344 1060 po·
1412 1003 1413 1064 q

286 1074 393 1146 mario,
419 1079 450 1134 et
474 1073 588 1151 gratias
613 1092 735 1150 semper
759 1074 822 1133 Deo
846 1078 971 1150 agentes
995 1073 1125 1149 profecti
1150 1091 1259 1133 sumus
1284 1075 1344 1134 iter

285 1168 435 1234 nostnun,
461 1181 521 1238 quo
546 1163 678 1223 ibamus.
1412 1117 1413 1188 i

355 1251 429 1310 XVI.
461 1254 497 1314 1.,
515 1252 558 1312 Ac
580 1252 624 1312 sic
647 1269 717 1328 ergo
739 1255 847 1310 euntes
868 1251 1050 1327 aliquandiu
1072 1268 1125 1326 per
1145 1251 1261 1310 uallem
1283 1251 1344 1309 lor·
1412 1301 1413 1336 3

285 1340 375 1401 danie
398 1357 490 1415 super
512 1340 611 1415 ripam
633 1340 770 1399 fluminis
792 1340 901 1415 ipsius,
924 1340 998 1415 quia
1017 1339 1061 1398 ibi
1083 1339 1173 1400 nobis
1194 1339 1253 1400 iter
1277 1343 1345 1400 erat
1412 1361 1413 1422 ς

285 1427 475 1504 aliquandiu,
500 1429 542 1487 ad
569 1429 671 1488 subito
698 1429 835 1489 uidimus
862 1428 1020 1488 ciuitatem
1046 1428 1145 1488 sancti
1171 1429 1345 1504 prophetae
1412 1433 1413 1508 l

284 1517 400 1589 Heliae,
420 1517 452 1575 id
473 1522 521 1577 est
539 1518 668 1589 Thesbe,
689 1518 771 1578 unde
790 1518 842 1577 ille
862 1518 973 1576 habuit
990 1535 1105 1576 nomen
1124 1517 1230 1576 Helias
1250 1517 1343 1576 Thes·
1412 1519 1413 1530 ²

284 1606 373 1666 bites
403 1605 481 1664 Inibi
502 1609 551 1666 est
570 1624 641 1682 ergo
662 1607 813 1682 usquein
833 1607 926 1665 hodie
947 1606 1103 1682 spelunca,
1124 1608 1157 1664 in
1178 1624 1242 1681 qua
1261 1606 1344 1665 sedit
1412 1651 1413 1662 2

283 1695 350 1770 ipse
367 1700 511 1766 sanctuS,
522 1698 555 1754 et
568 1695 611 1753 ibi
629 1699 677 1755 est
692 1696 843 1754 memoria
859 1695 958 1756 sancti
977 1695 1102 1767 (isthac,
1120 1695 1208 1754 cuius
1226 1714 1343 1754 nomen
1412 1691 1413 1748 Ξ

283 1782 420 1843 inlibris
439 1784 579 1843 ludicum
597 1784 737 1859 legimus.
766 1785 799 1847 2.
817 1784 860 1842 Ac
879 1785 923 1843 sic
942 1802 1013 1860 ergo
1032 1790 1064 1844 et
1080 1783 1123 1842 ibi
1142 1783 1256 1860 gratias
1277 1785 1342 1844 Deo

283 1877 409 1948 agentes
422 1873 510 1932 iuxta
524 1872 780 1932 consuetudinem
794 1873 1003 1949 pereniuimus
1017 1874 1075 1932 iter
1088 1877 1240 1932 nostrum.
1264 1873 1343 1932 Item
1412 1857 1413 1884 ’

283 1965 392 2022 euntes
423 1961 456 2024 in
488 1978 525 2020 eo
556 1960 665 2020 itinere
696 1961 834 2021 uidimus
864 1962 979 2020 uallem
1012 1962 1049 2020 de
1081 1960 1206 2020 sinistro
1247 1960 1341 2021 nobis
1412 1969 1413 2010 l

282 2049 460 2110 uenientem
483 2049 727 2122 amenissimam,
755 2067 833 2126 quae
859 2051 951 2109 uallis
977 2053 1043 2109 erat
1066 2050 1185 2125 ingens,
1211 2049 1341 2110 mittens
1412 2129 1413 2132 Ἴ

282 2141 449 2198 torrentem
468 2138 501 2196 in
521 2138 684 2198 Iordanem
703 2137 868 2198 infinitum.
899 2139 938 2198 Et
955 2139 999 2199 ibi
1018 2139 1051 2198 in
1071 2139 1140 2214 ipsa
1159 2139 1243 2198 ualle
1262 2139 1341 2198 uidi·
1412 2163 1413 2202 ς

281 2243 351 2286 mus
377 2228 600 2291 monasterium
626 2226 789 2287 cuiusdam
814 2227 917 2286 fratris
942 2246 1025 2287 nunc
1050 2228 1083 2288 id
1109 2231 1157 2287 est
1182 2229 1340 2287 monachi.

188 2324 215 2368 ⁶⁹
228 2325 255 2368 G·
283 2316 316 2378 3.
330 2316 415 2376 Tunc
430 2333 495 2390 ego,
510 2319 545 2374 ut
559 2333 629 2374 sum
644 2318 720 2375 satis
736 2318 868 2389 curiosa,
883 2317 1038 2392 requirere
1053 2317 1149 2393 coepi,
1165 2335 1245 2393 quae
1255 2322 1342 2377 esset
1412 2339 1413 2356 ³

281 2403 357 2466 haec
379 2404 481 2475 uallis,
504 2403 558 2463 ubi
582 2410 708 2465 sauctus
731 2406 902 2464 monachus
925 2423 1006 2465 nunc
1029 2406 1254 2465 monasterium
1278 2407 1339 2467 sibi

280 2491 421 2564 iecisset;
449 2511 513 2552 non
542 2493 624 2553 enim
653 2494 801 2568 putabam
829 2494 888 2553 hoc
916 2494 983 2554 sine
1011 2512 1106 2554 causa
1133 2513 1212 2554 esse.
1251 2495 1339 2556 Tanc

281 2580 425 2641 dixerunt
447 2580 538 2641 nobis
564 2583 673 2653 sancti,
699 2583 751 2658 qui
775 2582 938 2642 nobiscum
961 2583 1020 2643 iter
1043 2583 1207 2656 faciebant,
1232 2583 1264 2641 id
1290 2588 1339 2644 est

280 2668 340 2728 leci
370 2675 511 2730 notores:
544 2670 646 2730 “Haec
677 2674 726 2730 est
754 2671 846 2730 uallis
879 2671 981 2743 Corra,
1012 2672 1065 2730 ubi
1097 2672 1178 2732 sedit
1207 2676 1339 2732 sanctus
1412 2669 1413 2672 ’

187 2766 213 2809 ei
227 2769 269 2811 sa
280 2757 385 2818 Helias
410 2758 572 2820 ThesbItes
599 2759 788 2834 temporibus
814 2760 920 2818 Achab
946 2762 1035 2836 regis,
1063 2779 1124 2836 qua
1149 2761 1242 2820 tantis
1268 2761 1340 2836 fuit,

279 2851 309 2906 et
327 2848 414 2907 iusso
435 2848 489 2906 Dei
509 2866 622 2908 coruus
642 2850 685 2908 ci.l
705 2867 809 2908 escam
829 2850 981 2924 portabat,
1001 2854 1032 2908 et
1052 2851 1089 2908 de
1109 2868 1146 2908 eo
1166 2854 1339 2910 torrentem

279 2954 392 3011 aquam
411 2934 543 2997 bibebat.
573 2936 652 2996 Nam
670 2936 720 2996 hic
740 2941 869 3009 torrens,
889 2956 981 3014 quem
999 2939 1089 2998 uides
1108 2939 1145 2997 de
1165 2941 1234 3015 ipsa
1253 2941 1339 2999 ualle

278 3029 507 3100 percurrentem
528 3026 560 3086 in
583 3026 754 3098 Iordanem,
777 3025 826 3086 hio
847 3030 897 3086 est
918 3027 1041 3087 Corra.’'
1072 3029 1106 3090 4.
1128 3027 1171 3086 Ac
1193 3029 1240 3088 sic
1262 3047 1337 3106 ergo
1382 3057 1386 3065 ¹

276 3113 497 3172 nichilominus
515 3114 578 3173 Deo
597 3115 712 3190 gratias
729 3118 865 3192 agentes,
885 3116 937 3191 qui
955 3116 1044 3176 nobis
1062 3135 1126 3176 non
1144 3117 1335 3177 merentibus

278 3202 408 3277 singula,
433 3220 513 3277 quae
537 3201 800 3276 desiderabamus,
826 3204 1009 3280 dignabatur
1031 3206 1204 3278 ostendere,
1228 3207 1335 3282 itaque

277 3307 348 3366 ergo
375 3291 420 3349 iro
448 3290 586 3365 cepimus
613 3292 672 3351 iter
698 3296 841 3353 nostrum
867 3293 948 3352 sicut
966 3294 1104 3370 singulis
1133 3293 1252 3354 diebus.
1291 3295 1334 3354 Ac

276 3378 321 3438 sic
345 3396 417 3454 ergo
441 3378 596 3439 facientes·
614 3381 672 3439 iter
696 3381 825 3456 singulis
850 3381 958 3440 diebus
982 3383 1022 3442 ad
1047 3383 1149 3442 subito
1174 3383 1212 3442 de
1235 3384 1336 3443 latere

277 3465 412 3538 sinistro,
434 3467 517 3526 unde
539 3486 556 3526 e
578 3471 686 3528 contra
706 3473 809 3543 partes
831 3471 951 3531 Fenicis
973 3471 1166 3544 uidebamus
1189 3473 1335 3549 apparuit
1412 3503 1413 3518 2

275 3556 372 3614 nobis
394 3573 484 3616 mons
511 3555 620 3632 ingens
648 3562 680 3617 et
706 3558 786 3617 altus
814 3558 979 3632 infinitum,
1008 3561 1060 3636 qui
1089 3561 1272 3620 tendebatur
1300 3562 1333 3620 in
1412 3567 1413 3592 ³

276 3644 367 3720 longo

614 3736 707 3795 Decet
735 3755 834 3796 cnam
861 3737 982 3811 foliam.
1412 3777 1413 3844 q

275 3824 308 3884 b.
342 3822 394 3898 qui
420 3827 547 3884 sanctus
572 3825 743 3884 monachus
767 3827 817 3886 uir
839 3826 947 3886 ascitis
972 3846 1099 3888 necesse
1124 3828 1234 3888 habuit
1257 3837 1331 3906 post
1347 3841 1376 3884 cr
1412 3845 1413 3900 g

275 3914 321 3969 tot
342 3929 451 3982 annos,
476 3913 587 3986 quibus
611 3914 739 3973 sedebat
759 3914 792 3974 in
814 3915 983 3989 heremum,
1006 3935 1131 3977 mouere
1154 3936 1187 3977 se
1211 3921 1243 3977 et
1263 3918 1330 3978 des·

274 4005 485 4014 ῃ*

347 4029 357 4060 ¹
374 4034 444 4086 victl.
463 4035 540 4085 corvi
557 4032 578 4085 ei
596 4049 686 4086 escam
704 4034 869 4102 portabaol*.
