2884 4738
515 326 720 388 ..29-

85 489 173 564 ymni
198 491 231 546 et
256 488 369 564 psalmi
395 488 635 562 responduntur‚
660 487 804 547 similiter
828 490 861 547 et
886 487 1090 562 antiphonae:
1115 491 1147 546 et

86 582 158 637 cata
184 578 324 654 singulos
350 594 461 653 ymnos
486 576 522 635 fit
545 577 657 644 oratio.
700 576 780 635 Nam
806 576 979 652 presbyteri
1004 576 1068 636 bini
1094 577 1145 636 uel

86 669 177 738 temi,
206 667 349 728 similiter
374 669 408 727 et
433 665 591 737 diacones,
617 667 749 742 singulis
778 665 889 724 diebus
916 665 1002 724 uices
1029 665 1148 725 habent

87 757 182 817 simul
204 761 512 827 cummonazontes,
535 757 589 832 qui
611 759 680 814 cata
700 756 841 831 singulos
864 773 976 832 ymnos
997 756 1048 815 uel
1070 755 1146 814 anti-

85 849 209 922 phonas
228 847 388 906 orationes
408 847 524 906 dicunt.
562 847 595 911 2.
615 846 681 904 Iam
700 850 805 905 autem
824 845 877 904 ubi
898 846 1033 920 coeperit
1051 845 1147 905 luces-

88 954 168 1008 cere,
188 935 192 1010 Ι
210 940 284 994 tunc
317 935 472 1010 incipiunt
501 935 670 994 matutinos
701 951 813 1010 ymnos
845 934 956 994 dicere.
1006 933 1084 994 Ecce
1114 942 1146 992 ct
1162 946 1192 989 oo

18 1033 71 1079 roa.
89 1026 273 1100 superuenit
295 1025 463 1100 episcopus
488 1041 558 1083 cum
582 1025 664 1083 clero
687 1027 720 1083 et
743 1023 847 1084 statim
871 1023 1043 1100 ingreditur
1065 1024 1147 1082 intro

88 1115 240 1190 spelunca
257 1119 290 1173 et
309 1114 347 1173 de
366 1115 449 1174 intro
468 1111 624 1174 cancellos
644 1115 779 1188 primum
797 1113 880 1172 dicet
898 1112 1071 1173 orationem
1088 1129 1146 1189 pro

89 1203 250 1263 omnibus:
279 1208 502 1262 commemorat
527 1204 623 1262 etiam
649 1204 717 1278 ipse
743 1202 881 1273 nomina,
910 1220 1042 1278 quorum
1069 1203 1146 1273 uult,

88 1295 135 1352 sio
157 1292 319 1352 benedicet
339 1293 581 1352 cathecuminos.
620 1293 696 1352 Item
714 1292 798 1351 dicet
815 1291 988 1352 orationem
1008 1295 1042 1351 et
1059 1292 1147 1351 bene-

89 1383 174 1441 dicet
196 1381 314 1441 fideles.
355 1383 394 1442 Et
415 1383 566 1458 posthoc
587 1386 723 1442 exeunte
743 1381 893 1457 episcopo
914 1382 953 1440 de
974 1382 1056 1440 intro
1078 1399 1148 1440 oan-

88 1473 186 1532 cellos
211 1489 320 1532 omnes
346 1472 387 1530 ad
413 1490 542 1532 manum
566 1472 596 1531 ei
623 1472 784 1543 accedunt,
810 1475 843 1530 et
866 1471 923 1530 ille
944 1489 999 1530 eos
1025 1488 1090 1530 uno
1115 1473 1147 1530 et

87 1580 151 1622 uno
185 1562 348 1622 benedicet
381 1562 489 1621 exiens
524 1563 597 1634 iarn,
631 1580 669 1621 ac
695 1563 740 1621 sic
773 1560 810 1619 fit
842 1561 939 1620 missa
972 1561 1036 1620 iarn
1070 1561 1148 1620 luce.

87 1653 121 1714 3.
146 1651 225 1710 Item
250 1651 328 1710 hora
353 1655 442 1711 sexta
467 1652 568 1710 denuo
594 1650 783 1710 descendent
806 1668 915 1710 omnes
941 1649 1084 1708 similiter
1109 1649 1148 1708 ad

88 1741 269 1799 Anastasim
294 1744 326 1798 et
351 1740 498 1799 dicuntur
522 1739 635 1814 psalmi
660 1742 693 1798 et
715 1739 916 1813 antiphonae,
942 1739 1043 1796 donec
1068 1755 1148 1797 com-

88 1833 233 1888 monetur
256 1831 440 1905 episcopus3
467 1829 611 1888 similiter
634 1829 802 1888 descendet
825 1832 858 1887 et
882 1846 945 1887 non
971 1828 1067 1898 sedet,
1092 1826 1147 1886 sed

52 1961 57 1973 .
91 1921 197 1979 statim
222 1919 316 1978 intrat
337 1918 422 1977 intra
443 1919 600 1978 cancellos
622 1919 705 1977 intra
728 1918 918 1989 Anastasim,
943 1917 975 1976 id
995 1920 1045 1977 est
1066 1917 1150 1976 intra

89 2009 281 2084 speluncam,
306 2008 361 2067 uhi
386 2011 419 2067 et
441 2012 571 2079 mature,
595 2011 627 2067 et
651 2008 724 2066 inde
750 2007 892 2066 similiter
915 2007 1049 2081 primum
1072 2005 1149 2066 facit

87 2099 271 2168 orationem,
304 2098 348 2157 sic
379 2098 542 2157 benedicet
571 2097 688 2170 fideles,
721 2101 752 2156 et
782 2098 827 2157 sio
858 2097 965 2156 exiens
996 2097 1034 2155 de
1066 2099 1149 2157 intro

89 2187 247 2246 cancellos
278 2186 420 2246 similiter
448 2186 477 2246 ei
504 2187 545 2245 ad
573 2204 701 2246 manum
730 2185 896 2245 acceditur.
944 2185 990 2243 Ita
1016 2202 1089 2260 ergo
1117 2189 1149 2243 et

88 2278 169 2336 hora
191 2293 277 2334 nona
299 2275 334 2334 fit
355 2277 449 2336 sicuti
471 2279 502 2334 et
525 2276 565 2334 ad
588 2280 686 2336 sexta.
726 2278 761 2340 4.
783 2275 868 2334 Hora
890 2279 993 2334 autem
1016 2273 1146 2346 decima,
1308 2314 1318 2353 s

88 2367 173 2443 quod
197 2366 358 2442 appellant
382 2366 432 2424 hic
458 2365 612 2437 licinicon,
638 2382 711 2424 nam
735 2383 794 2424 nos
820 2365 952 2424 dicimus
978 2367 1147 2436 lucernare,
1162 2361 1324 2444 lupum

87 2455 234 2515 similiter
264 2473 298 2514 se
330 2455 432 2514 omnis
464 2441 629 2513 misstitudo
662 2453 785 2529 colliget
812 2455 855 2512 ad
886 2453 1074 2525 Anastasim,
1107 2453 1150 2512 in·

90 2544 268 2602 cenduntur
288 2561 397 2603 omnes
421 2543 570 2602 candelae
591 2546 623 2602 et
644 2545 725 2603 cerei
747 2545 778 2602 et
800 2541 835 2600 fit
855 2543 961 2602 lumen
982 2541 1148 2602 infinitum.
1191 2536 1196 2552 ¹

90 2633 211 2692 Lumen
230 2636 335 2690 autem
355 2632 393 2691 de
411 2631 489 2691 foris
508 2649 572 2691 non
590 2631 727 2703 affertur,
748 2632 803 2691 sed
821 2631 859 2692 de
877 2632 1029 2707 spelunca
1046 2631 1149 2691 interi·

89 2723 138 2781 ori
156 2723 277 2792 eicitur,
296 2721 350 2779 uhi
367 2726 462 2781 noctu
479 2739 516 2780 ac
534 2721 584 2780 die
602 2739 724 2797 semper
740 2722 869 2780 lucerna
885 2722 977 2792 lucet,
995 2721 1028 2780 id
1045 2726 1093 2781 est
1109 2720 1148 2780 de

90 2813 174 2870 intro
206 2811 373 2869 cancellos
423 2811 574 2870 Dicuntur
604 2810 697 2870 etiam
727 2811 840 2886 psalmi
870 2812 1060 2881 lucernaris,
1092 2811 1150 2870 sed

91 2908 120 2959 et
146 2901 338 2975 antiphonae
364 2900 490 2958 diutius.
533 2899 612 2959 Ecce
635 2903 667 2959 et
691 2903 904 2960 commonetur
928 2899 1094 2976 episcopus
1118 2903 1151 2958 et

69 3031 75 3043 .
90 2990 263 3048 descendet
274 2994 307 3048 et
319 2989 407 3048 sedet
418 3007 537 3061 susum,
552 3007 611 3048 nec
623 3008 689 3049 non
700 2991 798 3050 etiam
808 2993 841 3048 et
852 2989 1026 3064 presbyteri
1040 2989 1151 3048 sedent

91 3080 170 3138 locis
198 3079 275 3150 suis,
303 3079 448 3138 dicuntur
473 3078 557 3154 ymni
583 3079 635 3137 uel
662 3077 861 3153 antiphonae.
906 3081 940 3142 5.
965 3079 1004 3137 Et
1028 3078 1069 3137 ad
1093 3078 1148 3137 ubi

91 3169 242 3245 perdicti1
268 3167 384 3228 luerint
408 3168 496 3226 iuxta
521 3168 788 3238 consuetudinem,
815 3168 899 3226 lebat
923 3185 959 3228 se
982 3167 1149 3246 episcopus

90 3262 122 3317 et
145 3261 208 3316 stat
228 3262 300 3316 ante
322 3258 503 3329 cancellum,
526 3258 558 3316 id
578 3260 628 3316 est
649 3259 721 3316 ante
741 3259 933 3333 speluncam,
954 3260 987 3316 et
1004 3275 1087 3316 unus
1108 3275 1149 3318 ex

88 3346 277 3407 diaconibus
300 3346 375 3406 iacit
396 3346 723 3406 commemorationem
744 3347 946 3422 singulorum,
967 3348 1049 3406 sicut
1070 3346 1151 3407 solet

89 3455 162 3496 esse
189 3437 392 3496 consuetudo.
436 3437 474 3494 Et
498 3436 632 3496 diacono
657 3437 780 3496 dicente
805 3436 996 3512 singulorum
1022 3437 1151 3496 nomina

40 3591 46 3598 ,
88 3543 214 3602 semper
237 3525 354 3600 pisinni
377 3525 503 3602 plurimi
525 3529 611 3586 stant
633 3526 857 3601 respondentes
881 3543 1018 3600 semper:
1043 3524 1150 3600 “kyrie

87 3617 241 3692 eleyson’
272 3613 368 3692 (quod
396 3616 530 3674 dicimus
560 3633 635 3674 nos:
665 3617 841 3686 “miserere
871 3612 1045 3692 Domine''),
1076 3630 1148 3691 quo·

90 3721 161 3764 rum
180 3721 276 3764 uoces
297 3703 439 3763 infinitae
459 3710 541 3764 sunt
578 3706 611 3768 b.
632 3704 669 3762 Et
688 3708 721 3763 at
738 3703 792 3763 ubi
810 3703 961 3762 diaconus
981 3703 1151 3779 perdixerit
1198 3743 1202 3749 ·

89 3796 207 3866 onmia,
239 3812 319 3870 quae
349 3795 452 3853 dicere
482 3795 584 3866 habet,
615 3794 696 3853 dicet
724 3793 898 3852 orationem
927 3795 1060 3868 primum
1090 3794 1151 3869 epi-

90 3902 207 3960 scopus
225 3888 257 3942 et
271 3889 341 3942 orat
357 3902 412 3960 pro
429 3885 591 3956 omnibus;
608 3887 640 3943 et
657 3885 701 3943 sic
720 3886 810 3942 orant
825 3900 944 3954 omnes,
963 3887 1027 3941 tam
1044 3883 1151 3943 fideles

161 4081 169 4112 ¹
190 4075 313 4144 perducti
331 4078 367 4130 A.
