2884 4738
524 352 730 412 ,19-

96 511 227 571 rendere
255 511 295 570 ad
321 511 479 571 ciuitatem
508 510 652 582 Carneas,
679 515 714 569 ut
739 513 950 570 commoneret
975 509 1157 586 episcopum

95 601 147 659 uel
165 600 293 659 elericos
311 599 459 675 temporis
476 600 585 675 ipsius,
603 600 692 659 iuxta
709 599 791 675 quod
809 599 837 659 ei
855 600 957 658 iuerat
973 599 1159 671 reuelatum,

96 693 132 747 ut
158 688 301 748 foderent
328 689 361 748 in
390 705 427 749 eo
455 689 533 760 loeo,
564 687 617 764 qui
644 689 672 747 ei
701 689 802 747 iuerat
830 693 985 760 ostensus,
1015 688 1096 748 sieut
1124 691 1157 750 et

95 776 286 837 factumest.
313 779 347 840 d·
365 776 423 852 Qui
440 776 595 837 fodientes
611 777 644 837 in
661 794 697 837 eo
715 778 793 848 ioco,
812 779 865 853 qui
883 780 1027 836 ostensus
1044 777 1154 850 iuerat,

95 866 282 925 inuenerunt
301 866 494 941 speluncam,
512 883 605 942 quam
624 869 789 942 sequentes
808 865 934 925 inerunt
951 865 1082 925 forsitan
1100 881 1156 941 per
1260 933 1288 948 a
1304 871 1320 954 ι’
1339 871 1351 940 ῖ

95 971 209 1030 passus
234 958 368 1026 centurn,
395 959 474 1031 quo1
499 955 557 1013 ad²
582 955 684 1014 subito
709 955 899 1014 fodientibus
924 954 987 1014 illis
1012 954 1156 1030 adparuit
1195 943 1260 1020 ‘33³³

95 1044 192 1119 lapis:
223 1061 316 1119 quern
344 1033 485 1119 lapidem*
510 1061 581 1102 oum
610 1043 938 1120 perdiscoperuissent,
967 1045 1157 1103 inuenerunt

97 1133 254 1208 sculptum
276 1133 309 1191 in
334 1134 480 1208 operouio
503 1132 602 1208 ipsius
627 1133 689 1193 Iob.
725 1131 798 1192 eun
823 1133 876 1192 Iob
901 1133 940 1191 ad
965 1137 1037 1192 tuno
1061 1132 1093 1190 in
1117 1145 1157 1192 eo

94 1222 164 1280 loco
193 1221 276 1281 iaota
305 1224 354 1281 est
381 1222 443 1282 ista
471 1221 610 1294 ecclesia,
640 1239 734 1297 quam
761 1221 885 1294 uidetis,
915 1221 959 1281 ita
988 1225 1092 1282 tamen
1120 1225 1157 1280 ut

94 1310 176 1386 lapis
196 1327 267 1368 curn
287 1327 416 1386 corpore
436 1323 499 1370 non
519 1315 696 1370 moueretur
715 1310 749 1370 in
768 1309 829 1369 alio
850 1311 929 1382 loco,
951 1310 1006 1370 sed
1026 1310 1080 1382 ibi,
1100 1309 1157 1368 ubi

93 1399 258 1458 inuentum
278 1399 379 1459 iuerat
399 1417 521 1475 eorpus,
542 1399 677 1476 positus⁴
698 1403 789 1471 esset,
809 1404 841 1459 et
860 1403 897 1459 ut
916 1417 1028 1474 eorpus
1049 1399 1156 1458 subter

94 1488 240 1547 altarium
259 1487 381 1548 iaceret.
411 1488 468 1548 lna
486 1492 591 1548 autem
609 1489 751 1560 ecclesia,
772 1506 865 1565 quam
885 1489 1030 1548 tribunus
1047 1487 1156 1548 nescio

59 1621 65 1631 .
96 1577 149 1653 qui
171 1575 315 1648 iaciebat,
339 1577 383 1636 sic
406 1577 466 1637 iuit
486 1577 657 1653 inperfecta
678 1595 777 1653 usque
799 1577 832 1636 in
854 1576 955 1636 bodie.
988 1578 1022 1640 7.
1044 1576 1087 1636 Ac
1109 1576 1155 1638 sio

94 1683 167 1742 ergo
193 1683 253 1725 nos
277 1667 341 1724 alia
366 1665 416 1726 die
440 1683 532 1725 mane
558 1665 735 1742 rogauimus
760 1667 952 1742 episcopum,
978 1671 1014 1726 ut
1038 1666 1155 1725 iaceret

94 1754 295 1827 oblationem,
323 1756 405 1814 siout
430 1760 461 1814 et
487 1755 625 1832 iacere[t]
654 1754 798 1831 dignatus
824 1758 882 1827 est,
909 1759 940 1815 et
966 1754 1153 1814 benedicens

91 1861 152 1903 nos
175 1844 339 1920 episcopus
361 1845 491 1920 proiecti
512 1861 630 1904 sumus.
663 1844 933 1904 communicantes
954 1847 1078 1920 ergoet
1099 1844 1153 1915 ibi,

93 1933 210 2009 gratias
229 1937 355 2009 agentes
375 1933 443 1993 Deo*
459 1950 579 2010 semper
598 1933 730 2010 regressi
749 1951 857 1993 sumus
876 1933 909 1992 in
928 1933 1153 2004 Ierusolimam

91 2022 152 2083 iter
177 2021 327 2082 iacientes
353 2039 408 2097 per
434 2022 572 2098 singulas
599 2023 789 2094 mansiones
815 2039 869 2098 per
896 2039 973 2098 quas
999 2021 1154 2080 ieramus⁵

93 2116 157 2171 tres
184 2129 293 2171 annos.

164 2199 254 2258 xvu.
285 2201 317 2262 1.
338 2200 416 2260 Item
435 2201 468 2260 in
488 2199 614 2260 nomine
634 2199 698 2269 Dei,
720 2203 879 2260 transacto
898 2199 1058 2275 aliquanto
1080 2204 1153 2259 tem-

92 2305 179 2364 pore,
204 2305 275 2347 oum
300 2289 365 2348 iam
389 2293 454 2350 tres
476 2288 552 2348 anni
575 2288 658 2365 pleni
682 2292 797 2362 essent,
824 2307 842 2348 a
867 2303 929 2364 quo
954 2289 988 2348 in
1012 2289 1153 2348 Ierusoli-

92 2395 178 2436 marn
202 2377 337 2449 uenisse,
363 2376 441 2437 uisis
466 2379 561 2437 etiam
585 2377 731 2437 omnibus
755 2377 833 2436 locis
858 2376 984 2450 sanctis,
1009 2377 1049 2436 ad
1074 2394 1153 2452 quos

92 2464 244 2524 orationis
272 2465 425 2543 gratia[m]
455 2484 504 2525 me
532 2467 702 2538 teuderam,
729 2469 762 2524 et
787 2466 858 2526 ideo
885 2467 948 2526 iarn
976 2465 1151 2526 reuertendi

92 2554 134 2612 ad
155 2555 287 2630 patriam
309 2554 432 2614 animus
455 2558 553 2615 esset:
574 2555 661 2615 uolui
682 2556 807 2615 iubente
829 2556 902 2628 Deo,
924 2558 960 2613 ut
980 2558 1011 2614 et
1031 2555 1072 2614 ad
1093 2555 1152 2614 'Me

94 2643 305 2718 sopotamiarn
320 2643 428 2720 Syriae
443 2644 590 2704 accedere
607 2645 647 2703 ad
662 2644 811 2704 uisendos
829 2647 957 2704 sanatos
971 2644 1155 2714 monachos,

92 2732 144 2808 qui
171 2731 214 2790 ibi
240 2732 366 2808 plurimi
393 2738 424 2794 et
448 2737 513 2792 tarn
538 2733 669 2793 eximiae
695 2733 778 2792 uitae
804 2751 874 2793 esse
900 2732 1090 2804 dicebantur,
1116 2737 1153 2792 ut

93 2819 148 2880 uix
176 2820 282 2880 referri
310 2821 411 2896 possit
418 2843 426 2894 ;
454 2839 511 2881 neo
537 2840 602 2882 non
628 2824 723 2882 etiam
750 2825 782 2881 et
809 2823 907 2898 gratia
935 2820 1083 2880 orationis
1112 2821 1153 2880 ad

91 2910 276 2984 martyrium
301 2909 400 2969 sancti
424 2910 561 2970 Thomae
585 2911 728 2987 apostoli,
753 2911 807 2969 ubi
832 2928 944 2986 corpus
968 2910 1052 2970 illius
1076 2910 1152 2969 int·

93 3015 183 3073 grum
209 2999 346 3074 positum
375 3002 431 3070 est,
460 2999 492 3057 id
521 3003 569 3059 est
595 3000 678 3075 apud
706 2999 866 3071 Edessam,
896 3016 988 3075 quem
1016 3017 1050 3058 se
1077 2999 1152 3058 iliuc

92 3086 263 3146 missurum
290 3091 495 3163 posteaquam
522 3087 555 3146 in
583 3088 678 3148 caelis
705 3089 908 3159 ascendisset,
937 3088 1018 3148 Deus
1046 3091 1153 3147 noster

92 3175 181 3234 Iesus
204 3178 335 3235 testatus
358 3180 406 3235 est
426 3193 480 3252 por
500 3177 675 3252 epistolam,
697 3195 791 3252 quam
812 3177 852 3235 ad
874 3177 1027 3253 Aggarum
1049 3193 1152 3252 regem
1210 3205 1212 3209 v

91 3281 148 3339 per
179 3264 332 3324 Ananiam
364 3281 522 3325 cursorem
553 3265 647 3338 misit,
682 3265 828 3343 [quo]que
859 3264 1047 3342 epistolam]
1080 3282 1152 3324 oum

92 3352 200 3428 grandi
227 3352 402 3413 reuerentia
427 3355 510 3430 apud
537 3355 687 3414 Edessam
713 3355 881 3426 ciuitatem,
907 3355 961 3414 ubi
987 3357 1035 3414 est
1059 3353 1152 3429 ipsud

93 3442 286 3516 martyrium,
314 3443 496 3502 custoditur.
533 3445 566 3508 2.
593 3443 672 3502 Nam
698 3443 773 3502 mihi
800 3445 906 3503 credat
931 3444 1004 3502 uolo
1030 3443 1152 3502 affectio

89 3535 207 3601 uestra,
225 3531 372 3606 quoniam
389 3533 494 3592 nullus
512 3532 751 3592 christianorum
769 3537 824 3606 est,
843 3535 976 3609 quinon
994 3551 1027 3592 se
1045 3532 1153 3591 tendat

89 3619 164 3679 illuc
179 3619 450 3703 gratiaorationis,
466 3622 652 3698 quicumque
666 3626 771 3682 tamen
784 3640 883 3698 usque
896 3621 937 3680 ad
951 3622 1019 3680 loca
1033 3625 1151 3690 sancta,

89 3707 123 3766 id
145 3712 193 3766 est
212 3707 246 3766 in
266 3708 457 3769 Ierusoiirnis
477 3712 645 3770 accesserit
651 3732 659 3782 ;
679 3714 711 3770 et
730 3711 780 3770 bio
800 3711 888 3770 locus
909 3710 947 3769 de
968 3709 1152 3769 Ierusolima

4 3813 9 3850 ι
30 3809 79 3851 oa.
91 3794 244 3854 uicesima
269 3801 299 3856 et
325 3797 433 3872 quinta
458 3801 620 3859 mansione
644 3804 701 3859 est.
736 3801 770 3862 3.
795 3799 832 3857 Et
857 3799 1005 3875 quoniam
1030 3798 1068 3857 de
1093 3798 1152 3857 An-

93 3885 211 3943 thiooia
235 3886 362 3961 propius
389 3892 437 3946 est
461 3887 726 3964 Mesopotamiam,
753 3888 812 3946 ruit
836 3887 911 3947 mihi
936 3888 1062 3946 iubente
1087 3886 1152 3946 Deo
1221 3894 1223 3898 '

89 3980 307 3988 ——-——-——-

165 4013 174 4044 ¹
193 4017 262 4068 vieti.
282 4014 366 4069 cumr.
381 4045 414 4054 -
428 4014 441 4046 ²
458 4019 485 4068 et
503 4016 536 4070 A.
553 4045 583 4054 -
602 4013 612 4046 ³
630 4015 676 4083 qui
694 4017 727 4068 A.
748 4046 782 4055 —
802 4013 943 4082 ⁴positum
961 4014 994 4069 A.
1013 4044 1045 4054 —
1067 4012 1153 4069 ⁵ante

87 4096 205 4147 vermidt
219 4097 313 4163 Geyer.

1019 4217 1047 4260 20
