2884 4738
535 355 740 411 -ῃ-

106 519 108 524 ’
175 513 226 572 ΙΧ,
262 515 294 576 1.
321 513 417 572 Nobis
444 518 548 573 autem
573 511 703 571 fortuitu
728 513 787 570 hoc
813 512 1024 587 gratissimum
1050 511 1164 581 euenit,

103 606 139 661 ut
155 621 192 661 ea
208 603 267 674 die,
285 620 346 678 qua
360 602 506 662 uenimus
524 602 563 661 ad
578 603 775 660 mansionem
791 601 914 673 Arabia,
931 601 1029 677 pridie
1045 606 1081 660 al
1097 601 1166 659 bea-

9 701 35 744 eo
49 703 93 748 ea.
106 691 228 751 tissime
247 691 296 750 die
316 692 484 766 epiphania
502 694 599 770 esset;
618 708 692 749 nam
709 691 819 748 eadem
838 690 887 749 die
905 690 1030 766 uigiliae
1049 690 1165 766 agende

105 785 194 840 erant
214 781 248 840 in
271 780 412 839 ecclesia.
444 780 487 839 Ac
511 780 649 855 sicergo
672 781 778 854 aliquo
801 779 897 838 biduo
919 779 961 837 ibi
986 779 1084 838 tenuit
1105 797 1164 838 nos

104 874 232 929 sanctus
257 869 431 946 episcopus
458 872 584 928 sanctus
610 873 642 928 et
663 886 737 928 uere
762 869 855 926 homo
880 868 945 940 Dei,
971 873 1063 927 notus
1088 868 1162 926 mihi

103 959 165 1017 iam
192 958 269 1017 satis
296 957 300 1033 l
328 958 366 1018 de
391 975 428 1017 eo
453 963 601 1033 tempore,
626 975 645 1016 a
669 975 730 1033 quo
755 957 794 1016 ad
819 957 1010 1017 Thebaidem
1033 956 1162 1015 fueram.
1181 967 1213 1011 40

104 1049 138 1110 2.
162 1047 232 1122 lpse
255 1052 360 1107 autem
384 1051 511 1106 sanctus
536 1047 700 1123 episcopus
724 1065 762 1106 ex
786 1047 939 1105 monacho
961 1049 1026 1116 est-;
1050 1063 1123 1104 narn
1146 1063 1165 1102 a

103 1135 229 1212 pisinno
254 1137 287 1195 in
312 1138 503 1195 monasterio
529 1136 664 1195 nutritus
691 1140 752 1207 est;
779 1139 810 1194 et
833 1135 904 1194 ideo
931 1139 984 1193 aut
1010 1138 1074 1193 tam
1098 1123 1165 1194 erus
1192 1097 1204 1180 ἶ

104 1221 248 1305 dilus‘in
277 1225 438 1300 scripturis
467 1228 515 1284 est
541 1227 597 1283 aut
624 1229 687 1283 tam
715 1224 898 1284 emendatus
926 1224 959 1282 in
987 1222 1072 1282 omni
1098 1223 1165 1281 uita

104 1331 172 1385 sua,
190 1318 226 1373 ut
244 1317 275 1372 et
294 1315 436 1388 superius
456 1313 529 1372 dixi.
556 1314 590 1376 3.
610 1313 673 1372 Nos
693 1317 797 1372 autem
816 1313 888 1372 inde
906 1313 970 1372 iam
988 1312 1164 1372 remisimus

103 1402 228 1474 militeS,
254 1402 305 1478 qui
329 1402 421 1462 nobis
445 1419 500 1478 pro
525 1402 690 1477 disciplina
713 1403 855 1460 Romana
878 1401 995 1459 auxilia
1019 1401 1164 1476 praebue-

103 1495 182 1562 rant,
200 1492 338 1567 quandiu
354 1509 409 1566 per
424 1492 493 1549 loca
509 1495 655 1568 suspecta
670 1491 953 1560 ambulaueramus‚
971 1492 1034 1550 iam
1050 1493 1164 1562 autem,

70 1623 76 1635 .
104 1581 271 1657 quoniam2
295 1599 369 1656 ager
395 1581 538 1656 publicus
566 1583 632 1639 erat
658 1599 713 1656 per
739 1580 900 1656 Egyptum
929 1580 1011 1654 quod
1038 1581 1165 1639 transie-

102 1669 218 1746 bat[ur]
243 1688 297 1747 per
319 1669 465 1728 Arabiam
489 1669 657 1740 ciuitatem,
681 1670 713 1729 id
736 1673 785 1729 est
807 1670 889 1745 quod
912 1669 1007 1728 mittit
1030 1669 1067 1727 de
1090 1669 1164 1726 The-

103 1758 199 1818 baide
227 1758 260 1816 in
289 1759 428 1818 Pelusio:
459 1764 490 1819 et
519 1759 589 1818 ideo
619 1759 681 1818 iam
710 1776 773 1817 non
803 1757 863 1816 fuit
891 1775 1019 1817 necesse
1049 1775 1163 1817 uexare

102 1847 228 1908 milites
253 1849 287 1910 4.
304 1846 537 1907 Proficiscentes
554 1865 625 1922 ergo
642 1847 714 1907 inde
731 1851 830 1906 totum
846 1865 900 1922 per
916 1855 1030 1906 terram
1047 1845 1165 1906 Gessen

102 1936 163 1996 iter
192 1935 323 1996 fecimus
355 1954 477 2012 semper
506 1937 587 1994 inter
615 1938 736 2008 uineas,
768 1954 848 2012 quae
878 1938 954 1994 dant
984 1936 1102 2007 uinum,
1134 1939 1166 1994 et

102 2027 223 2096 uineae,
253 2043 333 2101 quae
363 2026 438 2084 dant
465 2025 650 2097 balsamum,
680 2027 712 2084 et
738 2024 818 2084 inter
846 2026 985 2100 pomaria
1012 2027 1045 2082 et
1072 2041 1163 2100 agros

103 2113 295 2173 cultissimos
318 2117 350 2174 et
372 2114 478 2173 hortos
502 2114 653 2189 plurimos
677 2114 736 2174 iter
758 2113 925 2172 habuimus
949 2117 1049 2172 toturn
1072 2131 1165 2189 super

102 2203 203 2277 ripam
223 2201 360 2261 fluminis
383 2202 444 2261 Nili
464 2203 545 2262 inter
565 2203 679 2261 fundos
699 2202 978 2278 frequentissimos,
1001 2220 1081 2278 quae
1101 2202 1164 2260 iue-
1247 2227 1251 2236 «

103 2296 175 2350 rant
197 2291 353 2367 quondam
375 2291 470 2350 uillae
492 2290 628 2351 filiorum
650 2292 777 2350 Israhel.
809 2291 847 2350 Et
869 2291 943 2367 quid
966 2292 1077 2367 plura?
1100 2291 1164 2366 pul-

103 2381 256 2439 chriorem
283 2380 471 2440 territorium
491 2373 571 2456 'puto
598 2399 648 2447 me
673 2398 829 2457 nusquam
854 2381 973 2440 uidisse
999 2398 1092 2456 quam
1117 2384 1166 2438 est

104 2474 187 2529 terra
212 2470 327 2529 lessen.

133 2627 135 2632 λ
175 2560 207 2620 b.
236 2558 279 2617 Ac
309 2558 353 2617 sic
381 2575 453 2634 ergo
483 2559 521 2616 ab
550 2557 664 2616 Arabia
692 2558 818 2618 ciuitate
846 2559 905 2618 iter
933 2557 1081 2617 iacientes
1110 2575 1165 2633 per

103 2646 199 2705 biduo
224 2651 324 2706 totum
348 2664 402 2722 per
426 2650 540 2706 terram
564 2649 683 2707 Gessen
707 2646 906 2722 peruenimus
930 2647 1045 2718 Tathis
1071 2649 1103 2706 in
1128 2665 1165 2705 ea

103 2735 239 2807 ciuitate,
267 2735 321 2794 ubi
350 2740 442 2794 natus
472 2739 520 2794 est
547 2741 674 2795 sanctus
702 2735 848 2812 Moyses.
873 2735 956 2794 Haec
983 2740 1031 2794 est
1059 2740 1163 2794 autem

103 2823 216 2885 ciuitas
241 2825 379 2895 Tathnis,
407 2842 486 2899 quae
511 2824 571 2885 ruit
595 2825 752 2901 quondam
778 2826 958 2899 metropolis
984 2823 1163 2883 Pharaonis.

103 2915 139 2975 d.
166 2913 204 2972 Et
231 2913 303 2972 licet
330 2931 368 2972 ea
393 2913 471 2985 loce,
499 2917 534 2972 ut
561 2913 705 2988 superius
733 2913 807 2985 dixi,
835 2913 898 2973 iam
924 2932 1029 2984 nosse,
1057 2913 1089 2972 id
1115 2917 1166 2971 est

104 3001 229 3077 quando
248 3002 467 3061 Alexandriam
485 3003 537 3061 uel
555 3003 596 3060 ad
614 3003 802 3062 Thebaidem
820 3003 949 3074 fueram,
969 3008 1073 3062 tamen
1092 3004 1165 3078 quia

104 3090 296 3166 adplenum
322 3091 441 3150 discere
465 3091 611 3150 uolebam
636 3092 714 3163 loca,
741 3108 819 3166 quae
845 3090 1083 3151 ambulauerunt
1109 3090 1164 3149 filii

104 3179 222 3238 Israhel
248 3178 481 3255 proficiscentes
508 3199 548 3239 ex
575 3181 724 3239 Ramesse
751 3197 851 3255 usque
878 3180 917 3238 ad
943 3183 1082 3238 montem
1109 3178 1164 3238 Dei

34 3277 36 3280 ’
103 3275 247 3329 sanctum
269 3268 369 3344 Syna:
393 3286 429 3327 ac
451 3271 495 3327 sic
517 3287 646 3328 necesse
667 3269 727 3327 fuit
748 3269 841 3328 etiam
864 3268 966 3327 denuo
987 3269 1028 3327 ad
1051 3273 1163 3328 terram

4 3370 31 3414 51
46 3371 91 3413 ea.
105 3358 225 3418 Gessen
249 3358 362 3418 reuerti
386 3361 420 3416 et
442 3357 515 3416 inde
539 3357 676 3417 Tathnis.
712 3359 745 3420 7.
770 3356 1003 3417 Proficiscentes
1030 3375 1101 3433 ergo
1127 3358 1165 3416 de

103 3447 243 3518 Tauriis,
263 3447 428 3505 ambulans
450 3437 504 3521 per
524 3446 582 3505 iter
602 3446 666 3505 iam
685 3451 794 3505 notum
815 3448 943 3522 perueni
964 3446 1096 3505 Pelusi0.
1128 3446 1166 3505 Et

102 3536 176 3595 inde
208 3534 408 3612 proficiscens
441 3535 552 3606 denuc,
585 3535 703 3594 faciens
735 3537 793 3595 iter
824 3553 878 3610 per
909 3535 1048 3610 singulas
1079 3552 1163 3592 man-

104 3625 210 3684 siones
233 3624 351 3700 Egypti,
375 3641 431 3699 per
452 3641 529 3700 quas
552 3626 611 3684 iter
631 3624 850 3696 habueramus,
873 3625 1000 3699 perueni
1024 3623 1063 3682 ad
1086 3622 1164 3683 fines

104 3713 289 3782 Palestinae.
325 3713 362 3771 Et
388 3713 461 3772 inde
487 3712 519 3771 in
545 3714 671 3773 nomine
699 3712 813 3772 Christi
840 3711 894 3771 Dei
921 3712 1019 3771 nostri
1045 3711 1163 3771 faciens

105 3802 207 3862 denuo
236 3802 415 3860 mansiones
444 3801 571 3877 aliquod
600 3819 654 3876 per
682 3801 838 3862 Palestina
866 3818 1006 3878 regressa
1033 3818 1103 3859 sum
1131 3802 1165 3860 in

4 3881 74 3970 ’.[οῆ
104 3891 202 3976 llelia,
228 3890 260 3948 id
288 3895 336 3950 est
361 3890 394 3948 in
419 3891 643 3950 Ierusolirham.

178 4098 188 4130 ¹
206 4101 276 4153 vicli.
294 4101 386 4168 petilyt
404 4103 434 4152 in
451 4101 486 4153 A.
507 4129 539 4138 -
560 4097 570 4130 ²
589 4115 643 4166 quo
662 4097 687 4152 ei
706 4098 761 4150 iam
778 4100 813 4150 A.
