2884 4738
707 342 745 352 ..
790 309 913 370 341-

281 478 396 548 centeS,
426 474 499 550 quia
528 473 708 550 episcopum
737 489 865 534 necesse
894 475 942 532 est
970 473 1028 532 hos
1058 472 1125 532 dies
1154 489 1276 546 semper
1297 469 1327 530 in

218 553 222 624 'r
281 564 463 624 Ierusolima
481 566 594 624 tenere.
623 562 682 621 Pro
702 562 909 622 sollemnitate
928 566 1033 620 autem
1052 565 1083 622 et
1101 561 1221 620 laetitia
1239 557 1327 636 ipsius

281 652 342 712 diei
362 651 483 712 infinite
504 653 612 711 turbae
633 669 667 712 se
687 652 824 727 undique
844 650 989 726 colligent
1007 650 1041 708 in
1062 649 1253 720 lerusolima,
1273 667 1328 708 non

281 741 382 801 solum
405 744 618 813 monazontes,
642 740 698 800 sed
722 744 753 800 et
774 740 845 799 laici
867 741 928 799 uiri
951 742 1005 798 aut
1028 737 1182 799 mulieres

368 829 472 889 XXVI.
507 829 589 890 Sane
615 829 869 906 quadragesimae
895 829 933 887 de
957 829 1126 904 epiphania
1149 827 1241 886 ualde
1266 844 1330 886 cum

279 937 403 980 summo
426 919 543 980 honore
566 919 616 978 hic
638 918 843 980 celebrantur.
874 917 953 976 Nam
974 917 1084 976 eadem
1106 915 1157 976 die
1178 917 1330 992 processio

282 1009 380 1068 estin
400 1009 562 1080 Anastase,
582 1011 613 1067 et
632 1025 741 1067 omnes
760 1007 932 1083 procedunt
951 1010 983 1066 et
1001 1007 1109 1066 ordine
1129 1025 1186 1066 suo
1205 1009 1332 1082 aguntur

279 1098 386 1160 omnia
413 1115 484 1158 cum
512 1114 637 1160 summa
663 1097 783 1157 laetitia
808 1114 846 1156 ac
874 1097 901 1156 si
929 1114 984 1171 per
1011 1097 1137 1172 pascha.
1174 1095 1332 1157 Predicant

193 1203 201 1247 s
281 1186 373 1248 etiam
392 1205 502 1246 omnes
522 1185 694 1262 presbyteri
712 1190 745 1246 et
763 1186 809 1246 sic
828 1185 992 1261 episcopus
1013 1201 1135 1260 semper
1155 1184 1192 1244 de
1212 1201 1250 1243 eo
1269 1184 1332 1243 loeo

281 1278 471 1336 tractantesl'
496 1274 657 1351 euangelii,
686 1275 741 1334 ubi
771 1274 1011 1351 quadragesima
1037 1273 1087 1333 die
1116 1273 1253 1333 tulerunt
1281 1273 1332 1332 llo·

281 1364 400 1424 minum
416 1363 451 1424 in
469 1364 584 1440 templo
603 1364 716 1439 loseph
734 1367 765 1423 et
782 1363 880 1424 Maria
897 1367 929 1421 et
946 1363 1093 1422 uiderunt
1111 1379 1183 1422 eum
1202 1362 1334 1438 Symeon

280 1453 330 1512 uel
357 1453 449 1512 Anna
474 1453 671 1529 prophetissa
697 1451 762 1511 filia
788 1452 936 1524 Fanuhel,
962 1455 995 1510 et
1021 1452 1059 1510 de
1086 1451 1192 1511 uerbis
1219 1467 1333 1524 eorum,

283 1559 362 1618 quae
379 1543 524 1603 dixerunt
539 1544 610 1601 uiso
627 1541 767 1614 Domino,
786 1542 836 1601 uel
853 1542 891 1601 de
909 1541 1065 1602 oblatione
1082 1541 1160 1616 ipsa,
1179 1557 1272 1616 quam
1287 1558 1335 1616 op-

281 1631 418 1691 tulerunt
443 1634 597 1708 parentes.
634 1631 672 1690 Et
697 1631 898 1706 postmodum
924 1630 1087 1690 celebratis
1113 1629 1258 1689 omnibus
1285 1647 1337 1705 per

281 1721 429 1792 ordinem,
453 1737 533 1796 quae
555 1721 810 1780 consuetudinis²
831 1725 913 1792 sunt,
937 1724 1070 1795 aguntur
1092 1722 1287 1778 sacramenta
1307 1721 1337 1776 et

282 1810 326 1870 sic
348 1808 383 1868 fit
404 1809 511 1871 missa.

187 1907 214 1950 n
227 1909 255 1951 e.
351 1898 468 1957 XXVII.
499 1900 532 1961 1.
554 1899 630 1958 Item
651 1898 717 1958 dies
738 1899 901 1974 paschales
921 1915 994 1958 cum
1012 1897 1163 1968 uenerint,
1185 1897 1337 1956 celebren-

281 1991 331 2048 tur
355 1988 409 2047 sic.
444 1987 523 2048 Nam
549 1987 629 2047 siout
652 1987 736 2062 apud
760 2005 818 2046 nos
844 1987 1100 2063 quadragesimae
1125 1989 1197 2046 ante
1222 1986 1338 2060 pascha

280 2077 499 2148 adtenduntur,
534 2076 579 2135 ita
613 2075 663 2134 hic
698 2080 768 2136 octo
803 2077 995 2151 septimanas
1029 2075 1232 2136 attenduntur
1268 2078 1339 2134 ante

280 2166 406 2241 pascha.
436 2165 602 2241 Propterea
622 2169 727 2225 autem
747 2168 817 2225 octo
840 2165 1012 2240 septimane
1032 2164 1244 2236 attenduntur,
1267 2162 1340 2240 quia

187 2267 213 2308 es
227 2266 268 2308 ue.
281 2254 446 2314 dominicis
473 2255 583 2314 diebus
611 2258 643 2314 et
669 2255 799 2314 sabbato
826 2272 889 2315 non
915 2253 1094 2314 ieiunantur
1119 2257 1251 2328 excepta
1277 2269 1340 2312 una

282 2344 331 2402 die
354 2343 486 2415 sabbati,
510 2362 572 2420 qua
592 2343 717 2420 uigiliae
741 2344 904 2419 paschales
928 2348 1002 2402 sunt
1024 2348 1055 2404 et
1077 2359 1206 2403 necesse
1229 2346 1279 2402 est
1301 2342 1339 2402 ie·

280 2433 398 2504 iunari3
422 2437 512 2492 extra
534 2434 638 2508 ipsum
660 2451 733 2509 ergo
758 2433 841 2494 diem
864 2433 988 2510 penitus
1013 2451 1173 2508 nunquam
1198 2432 1249 2490 hic
1274 2436 1339 2491 toto

278 2539 362 2582 anno
389 2522 520 2582 sabbato
546 2522 711 2582 ieiunatur.
748 2523 792 2581 Ac
819 2523 865 2582 sic
891 2540 964 2598 ergo
990 2521 1029 2582 de
1055 2525 1126 2581 octo
1153 2521 1339 2598 septimanis

280 2611 420 2671 deductis
448 2615 519 2671 octo
548 2611 659 2671 diebus
687 2611 851 2671 dominicis
880 2615 912 2671 et
938 2616 1059 2687 septem
1086 2609 1235 2682 sabbatis,
1266 2610 1342 2686 quia

278 2718 407 2760 necesse
424 2704 554 2761 estune
570 2701 692 2760 sabbati
709 2701 851 2773 ieiunari,
869 2704 904 2759 ut
921 2701 1064 2775 superius
1083 2698 1156 2772 dixi,
1175 2704 1343 2760 remanent

279 2788 346 2848 dies
361 2789 564 2865 quadraginta
579 2792 610 2850 et
623 2807 730 2862 unum,
746 2791 799 2865 qui
814 2789 1000 2862 ieiunantur,
1016 2789 1099 2864 quod
1114 2788 1164 2847 hic
1179 2789 1344 2864 appellant

279 2882 392 2954 certae,
412 2878 445 2936 id
466 2881 515 2938 est
534 2879 797 2954 quadragesimas.
827 2879 860 2941 2.
881 2879 1001 2954 Singuli
1021 2881 1126 2938 autem
1148 2877 1214 2937 dies
1236 2877 1343 2954 singu-

278 2966 377 3024 larum
397 2966 640 3026 ebdomadarum
658 2970 792 3043 aguntur
810 2969 864 3039 sic,
883 2967 916 3026 id
934 2970 1035 3028 estut
1053 2967 1103 3027 die
1123 2966 1283 3026 dominica
1303 2967 1345 3026 de
1422 3015 1423 3026 ,

277 3055 362 3130 pullo
381 3055 481 3130 primo
502 3056 584 3132 legat
604 3055 768 3132 episcopus
789 3058 871 3116 intra
890 3057 1043 3116 Anastase
1061 3056 1166 3116 locum
1186 3073 1344 3118 resurrec-
1422 3071 1423 3090 ¹

278 3144 371 3204 tionis
397 3145 520 3204 Domini
547 3145 586 3205 de
611 3145 782 3221 euangelio,
809 3145 890 3206 sicut
913 3149 945 3203 et
969 3149 1034 3205 toto
1060 3162 1144 3204 anno
1169 3144 1344 3204 dominicis

277 3233 387 3291 diebus
405 3233 450 3305 fit,
470 3237 517 3292 eu
537 3234 680 3294 similiter
698 3251 797 3310 usque
817 3234 858 3293 ad
876 3235 976 3293 lucem
995 3238 1128 3310 aguntur
1147 3233 1187 3292 ad
1207 3234 1345 3294 Anasta·

261 3339 344 3380 ¹sem
371 3325 403 3381 et
428 3322 469 3380 ad
498 3319 636 3394 Crucem,
665 3340 744 3399 quae
770 3327 802 3382 et
828 3327 893 3383 toto
920 3341 1003 3384 anno
1031 3323 1195 3383 dominicis
1223 3323 1346 3383 diebus

277 3409 364 3472 fiunt.
398 3411 431 3473 3.
456 3410 658 3470 Postmodum
682 3429 773 3471 mane
798 3413 879 3472 sicut
902 3416 933 3473 et
957 3429 1080 3488 semper
1103 3411 1262 3472 dominica
1289 3413 1345 3471 die

276 3499 452 3575 proceditur
478 3503 510 3559 et
535 3504 677 3576 aguntur,
705 3519 785 3576 quae
812 3501 977 3562 dominicis
1004 3501 1114 3561 diebus
1140 3502 1345 3562 consuetudo

277 3591 326 3647 est
345 3588 404 3664 agi,
425 3589 459 3648 in
478 3589 612 3648 ecclesia
631 3589 758 3662 maiore,
780 3608 860 3666 quae
881 3591 1054 3666 appellatur
1075 3590 1233 3666 Martyrio,
1257 3610 1347 3667 quae

276 3680 325 3736 est
340 3677 373 3735 in
391 3676 543 3753 Golgotha
559 3683 632 3754 post
650 3678 788 3739 Crucem.
816 3680 854 3739 Et
871 3680 1014 3741 similiter
1031 3680 1130 3740 missa
1146 3680 1184 3739 dc
1202 3681 1348 3740 ecclesia

182 3775 208 3820 86
222 3777 263 3819 Ga
277 3767 359 3830 iacta
379 3767 420 3829 ad
439 3767 595 3827 >Anastase
615 3769 678 3828 itur
698 3786 769 3827 cum
789 3769 901 3844 ymnis,
924 3771 1006 3830 sicut
1026 3788 1147 3846 semper
1169 3769 1349 3830 dominicis

276 3855 385 3918 diebus
408 3855 451 3918 fit.
476 3857 568 3918 v'Haec
592 3875 663 3933 ergo
688 3858 761 3916 dum
784 3861 926 3934 aguntur,
950 3858 1025 3918 iacit
1048 3875 1083 3918 se
1105 3859 1184 3918 hora
1207 3862 1346 3935 quinta;

275 3943 435 4003 lucemare
452 3945 510 4004 hoc
527 3945 611 4004 idem
628 3944 706 4005 hora
725 3964 782 4005 sua
799 3946 835 4005 fit
852 3947 932 4006 sicut
950 3965 1071 4022 semper
1088 3948 1128 4007 ad
1145 3948 1349 4009 Anastasem

349 4079 358 4111 ¹
376 4083 514 4136 tractantis
532 4084 567 4137 A.
588 4099 619 4121 ⁴-
640 4081 651 4114 ²
670 4084 877 4139 consuetudines
895 4087 929 4141 Α.
950 4054 1014 4124 4⁸³
1031 4086 1077 4139 fiet
1095 4087 1129 4139 A.
