2884 4738
721 306 927 365 ..23-

294 467 401 540 biduo,
420 466 521 542 loisis
543 466 637 526 etiam
658 466 775 526 sanctis
798 465 961 525 monachis
983 466 1034 525 uel
1057 464 1263 541 aputactitisl,
1288 469 1350 525 tam
1367 477 1390 518 rr

201 558 374 616 acernis
405 574 499 633 quam
527 555 662 628 feminis
693 556 746 633 qui
775 555 819 614 ibi
848 559 947 627 erant,
977 558 1010 615 et
1037 555 1121 614 facta
1150 554 1291 614 oratione
1320 557 1352 614 et

294 648 513 707 communione
536 663 662 705 reuersa
685 662 754 705 sum
775 646 894 705 Tharso
914 645 955 704 ad
977 645 1036 704 iter
1057 662 1170 716 meum,
1191 643 1245 704 ubi
1267 643 1351 702 tacta

295 738 411 795 statiua
442 736 588 794 triduana
616 735 650 793 in
680 733 804 795 nomine
835 734 890 793 Dei
921 733 1060 811 profecta
1090 752 1160 793 sum
1190 733 1263 792 inde
1294 733 1353 794 iter

295 843 408 884 meum.
448 825 491 883 Ac
511 826 558 884 sic
578 825 765 900 perueniens
784 824 896 884 eadem
915 824 965 882 die
986 824 1026 882 ad
1045 823 1250 894 mansionem,
1272 839 1351 900 quae

293 914 468 990 appellatur
496 915 728 985 MansocrenaS,
759 931 839 990 quae
866 917 917 972 est
944 913 1005 972 sub
1031 918 1136 972 monte
1165 912 1278 984 Tauro,
1308 911 1352 971 ibi

292 1005 403 1063 mansi.
450 1005 482 1068 7.
510 1004 548 1062 Εῖ
573 1003 646 1062 inde
672 1004 736 1062 alia
761 1003 811 1062 die
838 1002 966 1063 subiens
993 1007 1130 1063 montem
1156 1002 1293 1061 Taurum
1319 1004 1351 1072 et

293 1093 412 1153 taciens
431 1093 490 1153 iter
506 1092 568 1152 iarn
585 1097 694 1152 notum
711 1110 766 1168 per
782 1091 922 1168 singulas
940 1092 1130 1167 prouincias,
1148 1109 1227 1168 quas
1244 1091 1351 1152 eundo

293 1184 508 1254 transiueram,
534 1183 566 1241 id
589 1186 640 1242 θεῖ
663 1182 900 1258 Cappadociam,
926 1181 1080 1240 Galatiam
1113 1184 1146 1241 et
1169 1179 1350 1251 Bithiniam,

293 1273 422 1348 pemeni
450 1271 635 1343 Calcedona,
663 1271 717 1330 ubi
744 1277 869 1346 propter
895 1270 1140 1330 famosissimum
1166 1270 1351 1346 martyrium

294 1366 420 1420 sanotae
443 1361 593 1420 Eufimiae
615 1361 655 1419 ab
677 1360 754 1420 olim
775 1360 869 1418 michi
893 1365 1002 1420 notum
1024 1360 1097 1432 iam,
1120 1361 1204 1437 quod
1225 1359 1269 1418 ibi
1292 1364 1349 1432 est,

293 1451 395 1509 mansi
413 1451 492 1511 loco.
529 1452 562 1514 8.
580 1451 624 1508 Ac
641 1450 687 1509 sic
704 1468 778 1525 ergo
796 1449 859 1508 alia
875 1449 925 1508 die
942 1449 1098 1509 transiens
1116 1467 1202 1508 mare
1220 1449 1350 1525 perueni

295 1539 606 1616 Constantinopolim,
631 1557 725 1615 agens
752 1539 874 1600 Christo
897 1540 962 1598 Deo
986 1542 1093 1598 nostro
1117 1538 1240 1614 gratias,
1267 1537 1353 1615 quod

292 1629 387 1688 michi
402 1629 548 1705 indignae
564 1633 595 1688 et
609 1647 674 1688 non
687 1628 819 1688 merenti
833 1632 995 1705 praestare
1007 1628 1152 1705 dignatus
1167 1631 1217 1687 θεῖ
1230 1630 1351 1688 tantam

296 1721 434 1794 gratiam,
464 1719 496 1777 id
523 1722 573 1777 est
598 1722 635 1782 ‚ut
660 1737 727 1778 non
753 1719 855 1777 solum
883 1718 1078 1777 uoluntatem
1104 1717 1208 1789 eundi,
1237 1717 1294 1776 sed
1321 1721 1354 1778 et

294 1809 472 1868 facultatem
492 1808 729 1884 perambulandi
749 1824 829 1884 quae
849 1807 1066 1867 desiderabam
1084 1807 1229 1883 dignatus
1250 1807 1355 1866 iuerat

295 1902 452 1974 praestare
479 1902 511 1957 et
539 1898 715 1958 reuertendi
741 1897 846 1956 denuo
875 1895 1185 1972 Constantinopolim.
1232 1898 1265 1961 o.
1294 1895 1353 1956 Ubi

294 2005 364 2046 cum
393 1988 562 2058 uenissem,
592 2005 647 2062 per
675 1986 815 2062 singulas
843 1986 993 2046 ecclesias
1023 1987 1074 2045 uel
1104 1987 1264 2061 apostolos
1294 2005 1352 2045 nec

293 2095 358 2136 non
383 2081 415 2136 et
438 2094 494 2152 per
517 2077 641 2152 singula
663 2077 822 2152 martyria,
848 2094 928 2153 quae
953 2075 996 2134 ibi
1020 2075 1155 2150 plurima
1179 2079 1262 2147 sunt,
1287 2093 1352 2134 non

292 2167 454 2226 cessabam
476 2167 541 2225 Deo
561 2169 671 2230 nostro
693 2166 764 2225 lesu
784 2168 900 2242 gratias
921 2184 1022 2242 agere,
1046 2165 1099 2242 qui
1119 2165 1164 2226 ita
1185 2181 1281 2241 super
1301 2184 1350 2224 me

292 2255 539 2318 misericordiam
571 2273 659 2315 suam
691 2259 850 2330 praestare
882 2255 1025 2331 dignatus
1056 2255 1167 2314 iuerat.
1218 2256 1274 2319 lo.
1308 2256 1352 2314 De

198 2358 224 2401 τι
238 2358 278 2402 o:
291 2364 353 2422 quo
379 2346 458 2418 loco,
487 2346 629 2419 domnae,
657 2347 761 2405 lumen
798 2363 912 2418 meum,
940 2362 1011 2404 cum
1039 2345 1116 2406 baec
1143 2344 1183 2404 ad
1209 2349 1349 2405 uestram

294 2435 488 2494 affectionem
516 2435 632 2505 darem,
660 2435 724 2494 iam
750 2433 901 2510 propositi
927 2438 995 2494 erat
1021 2435 1055 2492 in
1082 2433 1207 2494 nomine
1235 2432 1351 2494 Christi

294 2525 350 2583 Dei
379 2524 478 2583 nostri
508 2524 548 2582 ad
577 2521 685 2598 Asiam
712 2523 890 2595 accedendi,
920 2524 953 2582 id
980 2527 1031 2585 est
1058 2523 1193 2595 Eiesum,
1223 2526 1352 2599 propter

292 2615 475 2689 martyrium
492 2607 592 2672 sanc'ti
608 2618 641 2672 et
656 2613 739 2672 beati
754 2612 888 2688 apostoli
905 2613 1054 2673 Iohannis
1072 2613 1172 2690 gratia
1187 2613 1351 2672 orationis
1429 2635 1430 2648 ¹

293 2704 326 2762 Si
352 2708 456 2762 autem
480 2708 512 2763 et
536 2707 608 2779 post
633 2703 692 2762 hoc
717 2704 750 2762 in
775 2721 903 2779 corpore
928 2703 1025 2775 tuero,
1052 2703 1079 2762 si
1104 2721 1165 2779 qua
1189 2707 1354 2778 praeterea

196 2802 222 2846 ro
235 2805 278 2848 ca.
295 2793 364 2852 loca
386 2810 572 2869 cognoscere
594 2795 734 2867 potuero,
757 2793 812 2852 au't
832 2792 901 2866 ipsa
922 2810 1081 2869 praesens,
1104 2788 1132 2852 ¹si
1153 2793 1235 2852 Deus
1257 2791 1354 2852 fuerit

292 2886 450 2957 praestare
474 2882 628 2958 dignatae,
652 2885 776 2941 uestrae
797 2881 955 2940 affectioni
978 2882 1110 2940 referam
1132 2884 1187 2942 aut
1208 2885 1301 2953 certe,
1324 2881 1352 2942 si
1428 2933 1429 2940 ,

293 2971 378 3031 aliud
407 2972 511 3030 animo
539 2970 663 3043 sederit,
690 2970 814 3046 scriptis
843 2971 1004 3030 nuntiabo.
1050 2972 1111 3030 Vos
1140 2974 1271 3042 tantum,
1299 2971 1351 3031 do·
1428 2965 1429 3000 r

291 3062 404 3133 minae,
431 3062 537 3120 lumen
565 3078 677 3133 meum,
705 3078 859 3121 memores
887 3063 947 3120 mei
975 3079 1046 3121 esse
1075 3060 1255 3137 dignamini,
1284 3062 1354 3121 siue

292 3151 325 3210 in
352 3167 481 3224 corpore
507 3150 575 3208 siue
600 3149 662 3208 iam
686 3154 776 3209 extra
801 3167 914 3224 corpus
941 3150 1039 3210 tuero.

361 3238 467 3298 XXIV.
489 3240 521 3303 1.
541 3239 581 3298 Ut
597 3244 701 3299 autem
720 3241 814 3299 sciret
832 3239 956 3299 affectio
975 3243 1089 3311 uestra,
1109 3255 1189 3316 quae
1208 3239 1350 3316 operatio

293 3328 424 3404 singulis
455 3328 564 3387 diebus
595 3328 708 3388 cotidie
737 3329 771 3387 in
800 3329 878 3388 locis
908 3329 1025 3390 sanctis
1056 3328 1217 3400 habeatur,
1247 3333 1352 3388 certas
1427 3341 1428 3344 ’

290 3436 349 3477 uos
374 3417 475 3477 facere
501 3417 603 3490 debui,
629 3419 741 3490 sciens
767 3418 841 3494 quia
864 3419 995 3478 libenter
1019 3418 1175 3479 haberetis
1200 3419 1279 3478 haec
1303 3438 1352 3478 co-

291 3525 447 3584 gnoscere.
475 3508 554 3566 Nam
572 3507 701 3583 singulis
719 3507 828 3568 diebus
846 3512 918 3567 ante
936 3508 1091 3582 pullorum
1109 3513 1236 3567 cantum
1254 3509 1353 3584 aperi·
1426 3585 1427 3588 Ἴ

290 3601 386 3655 untur
413 3597 520 3656 omnia
548 3597 651 3654 hostia
679 3596 842 3656 Anastasis
871 3600 903 3655 et
930 3596 1122 3656 descendent
1147 3615 1258 3656 omnes
1286 3606 1353 3656 m'o·
1426 3607 1427 3610 ’

291 3689 450 3744 nazontes'
472 3689 504 3745 et
532 3685 692 3761 partheno,
721 3689 757 3745 ut
785 3687 838 3746 hic
866 3685 981 3757 dicunt,
1010 3689 1043 3746 et
1071 3703 1134 3744 non
1163 3686 1266 3746 solum
1295 3687 1352 3759 hii,

292 3775 348 3833 sed
372 3779 404 3833 et
428 3775 500 3834 laici
524 3779 655 3850 praeter,
678 3775 740 3834 uiri
773 3778 829 3834 aut
851 3775 1007 3846 mulieres,
1032 3775 1084 3852 qui
1109 3779 1213 3835 tamen
1237 3777 1357 3836 uolunt

230 3933 233 3938 Ι
292 3865 444 3922 maturius
467 3864 607 3939 uigilare.
649 3864 688 3922 Et
709 3883 749 3924 ex
770 3881 808 3925 ea
831 3864 910 3924 hora
932 3883 1032 3941 usque
1052 3865 1087 3923 in
1110 3864 1178 3924 luce
1202 3864 1356 3925 dicuntur

359 4054 544 4125 ²aputactites
563 4057 597 4108 A.
