2884 4738
535 319 741 378 ..25-

109 478 255 538 desidero
286 478 427 538 audire.''·
473 477 511 536 Et
538 477 591 537 illc
621 477 681 538 ait:
712 477 796 549 “Dic,
827 476 901 548 filia,
932 476 1015 553 quod
1044 474 1103 548 uis,
1133 477 1167 535 et

109 568 210 627 dicam
237 567 304 640 tibi,
332 567 359 626 si
386 567 482 628 scio.”
526 568 611 627 Tunc
639 583 695 643 ego
722 566 804 625 dixi:
832 566 1001 626 “Sanctum
1028 565 1166 624 Abraarn-

109 675 180 717 cum
202 661 290 733 patre
312 657 415 716 Thara
434 660 467 716 et
489 657 584 724 Sarra
605 674 703 716 uxore
726 659 759 714 et
778 656 858 714 llolh
881 655 986 715 fratris
1009 655 1075 714 filio
1098 654 1166 716 scio

107 765 164 822 per
186 747 356 822 scripturas
380 747 413 805 in
435 765 472 806 eo
494 746 563 805 loco
585 745 728 816 uenisse3
750 745 835 804 Naor
855 748 958 804 autem
980 744 1030 804 uel
1052 745 1165 803 Bathn-

106 834 210 894 helem
231 853 296 895 non
318 836 388 911 legi,
411 835 536 911 quando
558 835 591 893 in
611 835 674 894 isto
695 835 765 894 looo
786 833 974 906 transierint,
997 833 1057 894 nisi
1080 834 1165 910 quod

107 925 167 985 hoc
191 926 292 984 solum
316 927 392 998 scio,
417 925 491 1000 quia
513 924 713 1000 postmodum
736 941 813 1000 puer
836 924 966 994 Abraae,
989 927 1025 982 ut
1046 926 1165 998 peteret

70 1054 77 1069 .
107 1015 280 1074 Rebeccam
310 1014 407 1074 filiam
438 1015 620 1074 Bathuhelis
651 1014 706 1073 filii
738 1015 843 1073 Nahor
872 1014 937 1073 filio
969 1013 1085 1073 domini
1117 1013 1165 1073 sui

107 1104 239 1176 Abraae‚
266 1104 298 1163 id
323 1108 372 1163 est
396 1105 504 1176 Ysaac,
531 1104 564 1162 in
591 1104 709 1164 Charra
733 1103 885 1164 uenerit.'’
929 1104 984 1168 10.
1010 1103 1095 1162 Tunc
1120 1102 1166 1161 ait

105 1193 202 1252 michi
229 1198 355 1252 sanctus
381 1193 564 1268 episcopus:
591 1194 697 1264 “Vere,
724 1192 797 1264 filia,
824 1192 975 1268 scripturn
1000 1197 1058 1264 est,
1083 1191 1166 1251 sicut

107 1282 197 1353 dicis
221 1282 254 1340 in
278 1281 391 1342 Genesi
413 1287 557 1344 sanctum
579 1283 715 1342 Abraam
738 1283 788 1341 hic
812 1282 963 1342 transisse
986 1299 1057 1341 curn
1079 1281 1162 1353 suis3

106 1371 232 1430 Nachor
256 1375 359 1430 autem
386 1389 457 1430 curn
482 1373 548 1431 suis
573 1372 625 1430 uel
651 1371 855 1431 Rathuhelem
881 1388 945 1430 non
971 1371 1047 1430 dicit
1069 1371 1164 1446 scrip·

106 1465 178 1519 tura
196 1462 336 1533 canonis,
357 1479 419 1537 quo
438 1466 575 1537 tempore
593 1460 783 1521 transierint.
820 1461 882 1520 Sed
901 1460 1065 1519 manifeste
1083 1463 1165 1536 post·

105 1551 234 1609 modum
257 1551 308 1610 hic
332 1551 524 1611 transierunt
545 1554 577 1609 et
597 1550 673 1626 ipsi;
697 1550 832 1626 denique
845 1553 886 1609 'et
907 1549 1077 1609 memoriae
1097 1548 1163 1609 illo-

106 1657 176 1698 rum
205 1640 258 1699 hic
287 1644 361 1699 sunt
389 1640 470 1699 forte
499 1639 540 1699 ad
571 1640 656 1698 mille
687 1657 800 1716 passus
829 1640 869 1699 de
899 1639 1034 1698 ciuitate.
1083 1639 1165 1699 Nam

104 1746 180 1788 uere
201 1730 355 1804 scriptura
375 1729 434 1788 hoc
454 1732 594 1800 testatur,
616 1730 763 1805 quoniam
783 1730 823 1788 ad
844 1729 1057 1805 accipiendam
1077 1747 1163 1787 sanc-

105 1823 170 1877 tam
195 1819 367 1878 Rebeccam
393 1820 453 1878 huc
477 1821 598 1879 uenerit
623 1838 699 1895 puer
724 1821 823 1879 sancti
850 1819 979 1892 libratae,
1005 1823 1036 1879 et
1061 1819 1165 1878 denuo

104 1912 232 1968 sanctus
263 1909 354 1967 Iacob
386 1909 436 1968 hic
466 1909 596 1981 uenerit,
629 1909 753 1985 quando
784 1910 904 1984 accepit
943 1908 1025 1968 filias
1056 1908 1164 1967 Laban

106 1997 209 2072 Syri.”
253 1998 307 2061 11.
331 1997 416 2057 Tunc
438 2015 496 2074 ego
520 1996 680 2073 requisitu,
705 1997 758 2056 ubi
781 2000 867 2057 esset
887 2002 999 2072 puteus
1023 1995 1084 2068 ille,
1108 1995 1162 2055 ubi

104 2090 233 2145 sanctus
257 2086 349 2145 Iacob
373 2090 514 2162 potasset
535 2104 657 2162 pecora,
682 2105 762 2162 quae
785 2087 935 2161 pascebat
957 2086 1074 2145 Rachel
1096 2085 1164 2146 filia

94 2173 213 2235 ‘Laban
244 2176 321 2248 Siri;
353 2180 383 2236 et
410 2177 456 2235 ait
483 2176 576 2235 michi
606 2177 789 2252 episcopus:
819 2171 877 2235 '“ln
906 2171 996 2236 sento
1025 2175 1162 2235 miliario

103 2270 153 2325 est
174 2266 247 2325 hine
268 2266 356 2326 locus
377 2266 445 2342 ipse
465 2266 553 2324 iuxta
573 2265 686 2337 uicum,
709 2265 762 2342 qui
783 2265 843 2324 fuit
862 2269 936 2325 tnnc
956 2265 1033 2325 uilla
1053 2265 1161 2324 Laban

6 2367 32 2410 rr
47 2368 90 2411 oa.
105 2355 178 2427 Siri,
210 2355 267 2414 sed
298 2371 368 2414 cum
399 2355 537 2415 uolueris
568 2354 623 2426 ire,
655 2355 737 2416 imus
770 2359 873 2414 tecum
902 2359 935 2414 et
966 2354 1162 2415 ostendimus

103 2444 171 2515 tibi,
199 2462 271 2502 nam
298 2445 443 2504 etmulti
470 2444 615 2504 monachi
641 2445 685 2504 ibi
712 2448 788 2503 sunt
811 2445 904 2504 ualde
930 2443 1030 2505 sancti
1056 2449 1088 2504 et
1114 2463 1160 2503 as-

103 2535 181 2593 citos
201 2538 235 2593 et
255 2538 363 2594 sancta
382 2534 518 2594 ecclesia
537 2537 585 2594 est
605 2533 678 2592 ibi.''
719 2537 775 2598 12.
795 2534 876 2594 Illud
895 2534 988 2593 etiam
1009 2531 1161 2610 requisiui

103 2641 122 2681 a
151 2627 260 2682 saneto
289 2624 446 2700 episcopo,
474 2624 606 2683 ubinam
630 2627 717 2684 ess'et
744 2624 832 2683 locus
861 2623 913 2683 ille
942 2623 1158 2693 chaldeorum,

99 2712 156 2771 ubi
182 2712 401 2777 habitauerant
424 2713 523 2789 primo
548 2714 650 2772 Thara
673 2730 745 2772 cum
770 2712 845 2774 suis.
888 2713 974 2772 Tunc
993 2711 996 2789 l
1016 2712 1060 2772 ait
1083 2711 1159 2771 mihi
1176 2724 1209 2768 aa

102 2803 170 2877 ipse
197 2807 324 2862 sauctus
351 2803 534 2877 episcopus:
562 2803 683 2862 “Iocus
708 2803 770 2874 ille,
798 2802 871 2873 filia,
900 2820 991 2879 quem
1016 2802 1158 2878 requiris,

103 2891 225 2950 decima
252 2891 417 2950 mansione
444 2896 495 2951 est
520 2891 596 2950 hinc
621 2893 706 2952 intus
735 2893 768 2950 in
797 2892 933 2952 Persida.
978 2891 1059 2951 Nam
1086 2891 1160 2950 hinc

99 2999 201 3057 usque
226 2981 265 3040 ad
291 2981 413 3041 Nisibin
436 2982 616 3042 mansiones
641 2987 715 3042 sunt
739 2982 884 3059 quinque,
908 2986 941 3041 et
964 2982 1035 3041 inde
1060 2999 1159 3058 usque

100 3071 140 3129 ad
171 3070 246 3142 Hui,
279 3089 358 3146 quae
389 3071 449 3129 fuit
478 3071 590 3131 ciuitas
622 3071 837 3144 chaldeorum,
868 3071 949 3132 aliae
979 3073 1159 3130 mansiones

101 3163 176 3218 sunt
196 3160 350 3236 quinque3
371 3159 426 3219 sed
444 3160 536 3219 modo
556 3159 600 3218 ibi
618 3177 765 3222 accessus
786 3160 999 3220 Romanorum
1017 3163 1157 3232 nonest,

100 3251 201 3308 totum
224 3251 307 3308 enim
330 3249 407 3308 illud
429 3249 541 3309 Persae
563 3254 679 3309 tenent.
707 3242 802 3308 ''Haec
823 3253 928 3308 aulem
948 3268 1020 3325 pars
1042 3248 1158 3325 specia-

97 3339 186 3397 liter1
221 3338 380 3402 orientalis
415 3339 598 3415 appellatur,
635 3357 714 3415 quae
748 3344 796 3400 est
829 3341 863 3399 in
897 3339 1066 3398 confinium
1101 3340 1158 3398 Ro·

97 3444 264 3486 manorum
292 3431 323 3486 et
350 3428 516 3486 Persarum
542 3427 593 3488 uel
623 3427 860 3488 chaldeorum.”
907 3430 963 3500 la.
992 3429 1030 3488 Et
1055 3432 1159 3488 cetera

97 3517 190 3592 plura
216 3516 331 3576 reterre
356 3517 501 3592 dignatus
526 3523 584 3590 est,
609 3518 693 3577 sicut
716 3521 748 3576 et
773 3517 866 3576 ceteri
891 3517 991 3577 sancti
1015 3516 1154 3592 episcopi
1246 3563 1250 3570 ,

96 3606 149 3665 uel
178 3607 278 3664 sancti
305 3606 451 3666 monachi
478 3606 580 3666 lacere
608 3606 824 3682 dignabantur,
851 3607 959 3666 omnia
986 3611 1089 3666 tamen
1115 3607 1155 3665 de

97 3695 262 3770 scripturis
294 3694 349 3754 Dei
379 3695 431 3762 uel
460 3695 578 3758 sanctis
609 3696 685 3755 uiris
716 3702 812 3772 gesta,
844 3695 875 3755 id
904 3699 953 3756 est
980 3695 1153 3768 monachis,

98 3785 168 3844 siue
201 3784 254 3860 qui
286 3784 348 3843 ianr
379 3790 582 3856 recesserant,
615 3801 695 3862 quae
726 3785 883 3844 mirabilia
914 3785 1053 3857 iecerint,
1085 3784 1155 3852 siue,¹

96 3875 193 3933 etiam
224 3873 277 3949 qui
307 3874 410 3932 adbuc
438 3874 473 3932 in
501 3891 630 3950 corpore
660 3881 743 3947 sunt,
775 3893 854 3952 quae
884 3874 996 3934 cotidie
1026 3875 1154 3947 iaciant,

95 4002 309 4010 ——1———n-

169 4060 178 4092 ¹
197 4061 273 4131 Syria
290 4064 405 4116 vermibt
425 4064 519 4131 Geyer.
