2884 4738
1169 249 1236 328 ημῖν

1190 326 1214 349 f

1195 367 1213 400 Ns

697 309 903 367 ..46-

269 470 360 529 lectio
388 467 568 545 perlegitur3
597 469 797 544 postmodum
824 467 860 527 fit
886 469 986 528 oratio
993 489 1001 540 ;
1030 465 1201 527 benedictis
1229 467 1327 527 cathe
1431 479 1432 528 i

269 559 401 618 cuminis
431 576 525 634 quam
554 557 699 618 fidelibus
728 559 817 619 iuxta
845 556 1102 618 consuetudinem
1132 560 1325 616 reuertuntur
1431 551 1432 624 Ῐ

269 648 485 725 unusquisque
514 647 554 706 ad
584 647 711 706 domum
740 663 829 711 suam
859 646 1003 706 similiter
1030 649 1066 705 ut
1094 645 1143 705 die
1173 645 1326 704 domtnica

269 738 404 812 paschae
429 738 507 796 hora
531 739 632 795 noctis
658 736 804 795 secunda.

334 826 413 884 XLI.
444 826 470 883 A
492 826 610 900 pascha
630 829 735 885 autem
755 843 856 901 usque
877 825 918 883 ad
940 825 1206 901 qulnquagesima,
1229 823 1261 882 id
1283 827 1327 883 est
1431 831 1432 878 l

269 918 479 991 pentecosten,
501 915 551 974 hic
572 915 696 990 penitus
717 933 809 973 nemo
830 913 958 986 ieiunat,
980 932 1038 973 nec
1058 913 1118 989 ipsi
1140 913 1327 989 aputantitae

176 1017 202 1058 es
216 1016 242 1058 e.
269 1005 321 1080 qui
347 1007 428 1062 sunt.
464 1004 543 1062 Nam
567 1021 690 1079 semper
713 1004 799 1079 ipsos
825 1004 892 1063 dies
918 1005 999 1062 sicut
1023 1007 1088 1062 toto
1113 1020 1196 1062 anno
1220 1002 1265 1060 ita
1289 1003 1325 1062 ad

268 1093 422 1152 Anastase
448 1093 486 1152 de
512 1094 596 1168 pullo
622 1094 721 1168 primo
747 1110 846 1168 usque
872 1092 912 1154 ad
936 1109 1029 1152 mane
1055 1091 1326 1152 consuetudinaria
1431 1083 1432 1094 ¹

267 1186 410 1258 aguntur,
438 1181 442 1258 l
470 1181 612 1241 similiter
632 1182 721 1242 etad
741 1186 830 1241 sexta
849 1185 881 1240 et
900 1181 940 1239 ad
959 1182 1129 1242 lucemare.
1159 1179 1325 1240 Dominicis
1340 1190 1370 1235 ω

268 1274 373 1330 autem
392 1271 501 1330 diebus
521 1287 642 1346 semper
659 1271 691 1328 in
709 1271 866 1346 Martyrio,
885 1270 918 1330 id
936 1275 984 1330 est
1001 1269 1034 1329 in
1052 1269 1183 1329 ecclesia
1201 1269 1325 1342 maiore,
1431 1343 1432 1348 ἵ

268 1361 444 1436 proceditur
469 1360 557 1418 iuxta
583 1360 842 1420 consuetudinem
867 1364 898 1419 et
923 1359 996 1419 inde
1021 1359 1083 1418 itur
1109 1359 1149 1418 ad
1177 1359 1326 1418 Anastase

163 1457 201 1501 1⁰1
215 1460 256 1502 aa.
269 1467 339 1507 curn
366 1449 477 1524 ymnis.
515 1449 632 1525 Quarta
657 1448 736 1508 feria
760 1453 866 1508 autem
892 1452 924 1509 et
950 1453 1039 1509 sexta
1065 1448 1152 1521 feria,
1180 1449 1327 1525 quoniam
1431 1457 1432 1486 l

267 1538 345 1613 ipsIs
378 1539 488 1598 diebus
520 1539 645 1614 penitus
676 1557 769 1597 nemo
800 1537 927 1610 ieiunat,
960 1537 992 1596 in
1025 1537 1110 1613 Syon
1141 1537 1326 1613 proceditur,

269 1627 324 1686 sed
346 1645 453 1699 mane,
476 1627 512 1685 fit
531 1627 630 1686 missa
650 1627 758 1686 ordine
780 1644 847 1686 suo

337 1715 427 1775 XLII.
466 1716 522 1775 Die
551 1720 674 1776 autem1
704 1716 1011 1792 quadragesimarum
1040 1720 1112 1792 post
1139 1715 1267 1791 pascha,
1297 1716 1328 1774 id
1431 1711 1432 1792 y

269 1813 316 1864 est
332 1806 440 1880 quinta
455 1804 542 1877 feria,
559 1806 658 1880 pridie
674 1822 784 1866 omnes
794 1807 866 1879 post
884 1808 981 1882 sexta,
1002 1805 1034 1864 id
1050 1809 1098 1864 est
1114 1807 1225 1880 quarta
1240 1803 1328 1877 feria,
1431 1821 1432 1866 l

266 1893 299 1951 in
330 1894 489 1953 Bethleem
518 1895 638 1953 uadunt
668 1899 793 1970 propter
822 1895 946 1970 ulgilias
977 1895 1188 1954 celebrandas.
1237 1894 1328 1952 Fiunt

201 2039 204 2042 ,
268 1986 373 2041 autem
402 1983 528 2059 uigiliae
557 1985 591 2043 in
620 1984 752 2043 ecclesia
780 1984 814 2042 in
843 1984 1011 2056 Bethleem,
1042 1984 1074 2042 in
1105 2001 1166 2060 qua
1196 1982 1329 2044 ecclesia

269 2072 417 2146 spelunca
442 2076 499 2144 est,
525 2073 578 2131 ubi
602 2076 695 2132 natus
721 2078 769 2133 est
793 2073 953 2132 Dominus.
988 2073 1059 2133 Alia
1082 2073 1132 2132 die
1156 2077 1272 2145 autem,
1297 2072 1328 2131 id
1431 2137 1432 2150 ἶ

269 2166 317 2220 est
338 2161 446 2237 quinta
467 2161 544 2221 teria
566 2163 883 2238 quadragesimarum,
906 2162 1079 2222 celebratur
1101 2164 1200 2222 mIssa
1220 2161 1330 2221 ordine
1431 2153 1432 2218 j

269 2267 336 2321 suo,
361 2251 406 2308 ita
429 2254 465 2308 ut
489 2255 519 2310 et
543 2251 715 2326 presbyteri
740 2255 772 2310 et
795 2252 960 2326 episcopus
985 2251 1166 2327 praedicent
1190 2250 1329 2310 dicentes

196 2330 200 2339 ”
268 2343 340 2413 apte
368 2338 428 2398 diei
456 2344 488 2398 et
514 2340 599 2412 loco;
626 2344 659 2398 et
685 2341 885 2415 postmodum
914 2358 983 2400 sera
1011 2344 1208 2400 reuertuntur
1235 2358 1330 2399 unus-

193 2485 200 2490 ,,
269 2427 401 2503 quisque
423 2428 456 2486 in
478 2427 671 2488 lerusolima.

338 2516 440 2575 XLIII.
466 2519 498 2580 1.
513 2517 846 2595 QuinquageSImarum
859 2522 965 2578 autern
980 2519 1039 2591 die,
1054 2518 1087 2578 id
1100 2522 1150 2578 est
1163 2518 1330 2590 domInica,
1431 2547 1432 2550 ¹

269 2605 403 2681 quadie
427 2606 582 2665 maxImus
605 2607 693 2667 labor
716 2610 765 2667 est
787 2607 912 2684 populo,
936 2611 1069 2684 aguntur
1091 2609 1199 2668 omnia
1221 2609 1267 2666 sic
1291 2608 1331 2666 de
1431 2679 1432 2682 Ἴ

268 2694 353 2770 pullo
372 2694 498 2770 quidem
515 2695 616 2770 primo
635 2697 723 2755 iuxta
741 2697 1015 2757 consuetudinem:
1033 2695 1180 2772 uigilatur
1199 2695 1232 2755 in
1251 2696 1332 2755 Ana-

269 2789 363 2854 stase,
382 2788 418 2842 ut
436 2785 518 2860 legat
536 2785 700 2860 episcopus
720 2786 823 2844 locum
842 2785 931 2844 illum
949 2786 1114 2862 euangelii,
1135 2785 1187 2861 qui
1207 2803 1332 2861 semper

269 2872 425 2930 dominica
444 2873 482 2932 de
502 2874 622 2949 legitur,
642 2874 675 2933 id
695 2877 743 2934 est
762 2875 1019 2934 resurrectionem
1039 2873 1177 2946 Domini3
1198 2880 1229 2933 et
1248 2878 1333 2949 post-

269 2961 396 3019 modum
420 2961 465 3021 sic
489 2979 528 3021 ea
549 2966 683 3038 aguntur
705 2964 737 3022 in
761 2964 923 3036 Anastase,
949 2981 1028 3040 quae
1052 2963 1337 3023 consuetudinaria

269 3052 351 3121 sunt,
375 3051 456 3109 sicut
477 3055 542 3110 toto
563 3069 655 3110 anno.
688 3053 721 3114 2.
745 3052 823 3113 Cum
844 3056 950 3112 autem
972 3070 1064 3112 mane
1086 3051 1203 3111 iactum
1225 3052 1330 3124 luerit,

269 3139 408 3212 procedit
429 3139 531 3199 omnis
553 3141 687 3215 populus
706 3143 742 3210 ¹in
765 3142 897 3201 ecclesia
917 3141 1044 3213 maiore,
1066 3141 1099 3200 id
1121 3144 1169 3201 est
1190 3141 1231 3200 ad
1252 3141 1333 3199 Mar·

269 3227 392 3301 tyrium,
420 3233 553 3303 aguntur
581 3229 674 3288 etiam
702 3232 816 3302 omnia,
845 3247 925 3306 quae
953 3229 1228 3290 consuetudinaria
1255 3234 1332 3290 sunt
1401 3299 1404 3302 ¹

268 3315 318 3390 agi
325 3337 336 3386 ;-
359 3316 539 3390 praedicant
562 3317 745 3393 presbyteri,
771 3320 970 3394 postmodum
995 3321 1170 3395 episcopus
1195 3323 1334 3396 aguntur
1431 3313 1432 3316 ’

271 3405 375 3463 omnia
401 3405 546 3480 legitima,
574 3407 606 3464 id
632 3413 681 3466 est
707 3407 833 3466 offertur
859 3409 947 3467 iuxta
973 3409 1239 3481 consuetudinem,
1268 3425 1335 3485 qua

269 3493 425 3553 dominica
446 3494 497 3554 die
518 3497 683 3556 consueuit
703 3495 785 3569 fie1i3
808 3498 863 3557 sed
885 3498 994 3557 eadem
1015 3498 1209 3557 adceleratur
1231 3497 1333 3558 niissa

267 3583 300 3640 in
317 3582 507 3659 Martyrium,
526 3588 560 3642 ut
576 3589 648 3644 ante
666 3586 744 3645 hora
760 3588 851 3647 tertia
868 3585 931 3646 fiat.
959 3586 1228 3662 Quemadmodum
1244 3587 1331 3646 enim
1431 3653 1432 3662 χ

161 3679 201 3724 102
214 3683 257 3725 oa.
270 3671 367 3730 missa
389 3671 472 3731 iacta
493 3673 587 3733 tuerit
607 3674 647 3732 ad
670 3673 861 3750 Martyrium,
883 3677 987 3735 omnis
1010 3677 1143 3751 populus
1167 3694 1267 3752 usque
1290 3675 1332 3734 ad
1431 3737 1432 3744 y

269 3779 364 3819 unum
389 3778 459 3820 curn
480 3764 583 3838 ymnis
606 3764 720 3822 ducent
739 3766 922 3840 episcopum
943 3765 975 3824 in
999 3765 1093 3840 Syon,
1117 3764 1172 3824 sed
1194 3771 1230 3824 ut
1251 3765 1332 3823 hora

269 3850 359 3909 tertia
375 3850 467 3925 plena
484 3852 518 3910 in
534 3852 619 3928 Syon
637 3854 708 3912 sint.
736 3854 769 3915 3.
787 3854 844 3913 Ubi
861 3872 934 3913 curn
952 3859 1080 3914 uentum
1098 3853 1199 3925 tuerit,
1217 3853 1333 3929 legitur
1431 3913 1432 3918 ,

178 3949 204 3992 m
218 3950 244 3992 e.
271 3939 321 3997 ille
350 3940 438 3998 locus
469 3939 507 4000 de
537 3945 625 4001 actus
643 3942 884 4019 Apostolorum,
914 3943 967 4002 uhi
998 3943 1159 4003 descendit
1188 3942 1331 4018 spiritus
1431 3997 1432 4026 ,

343 4075 352 4108 ¹
370 4078 464 4131 eadem
483 4080 517 4131 A.
