2884 4738
510 323 804 394 -.'3..'

74 497 131 555 sed
159 499 258 556 totum
285 497 327 555 ad
355 497 517 556 directum·-
536 497 624 556 subis
651 515 689 556 ac
718 497 745 556 si
772 517 828 574 per
854 497 1003 574 parietem
1030 501 1061 557 et
1089 498 1135 558 ad'

75 587 226 647 directum
243 587 391 647 descendi
410 605 539 646 necesse
555 593 604 648 est
620 588 759 664 singulos
776 588 862 664 ipsos
880 593 1012 659 mentae,
1031 589 1131 648 donec

72 672 227 748 peruenias
269 673 306 732 ad
346 673 473 732 radicem
515 674 661 750 propriam
702 673 778 733 illius
820 674 956 746 mediani,
991 673 1055 750 qui²
1090 681 1133 734 est

75 757 222 832 specialis
242 757 335 832 Syna.
372 759 404 822 2.
422 758 487 817 Hac
502 759 549 816 sic
565 776 639 834 ergo
657 759 782 818 iubente
800 759 922 820 Christo
939 759 1004 818 Deo
1021 762 1131 818 nostro

75 847 182 906 adiuta
199 847 394 906 orationibus
413 851 602 918 sanctorum,
621 847 674 924 qui
690 848 929 920 comitabantur,
949 852 979 908 et
996 849 1042 906 sic
1059 867 1131 908 eum

75 937 184 1011 grandi
214 936 329 1008 labore,
361 937 434 1012 quia
461 936 593 1012 pedibus
621 956 671 997 me
698 938 869 998 ascendere
898 955 1026 996 neeesse
1052 941 1129 1008 erat,

75 1027 150 1102 quia
182 1043 309 1102 prorsus
341 1043 400 1085 nec
431 1027 468 1086 in
494 1027 575 1085 sella
607 1026 734 1086 ascendi
765 1031 896 1103 poterat,
928 1031 1032 1102 tamen
1062 1027 1129 1102 ipse

74 1115 165 1174 labor
185 1133 249 1174 non
272 1115 467 1175 sentiebatur
488 1115 599 1194 (exea
619 1120 707 1192 parte
730 1121 833 1176 autem
853 1135 917 1176 non
938 1117 1132 1176 sentiebatur

67 1205 172 1288 labor,
199 1207 272 1280 quia
294 1205 493 1278 desiderium,
519 1206 601 1282 quod
624 1206 788 1276 habebam,
812 1206 937 1266 iubente
962 1207 1025 1265 Deo
1048 1206 1131 1264 uide

72 1294 145 1352 bam
174 1293 352 1372 compleri):
380 1297 458 1354 hora
482 1313 556 1371 ergo
584 1299 695 1372 quarta
721 1296 920 1371 peruenimus
946 1296 981 1355 in
1007 1296 1131 1356 summi·

32 1426 34 1430 -
73 1389 170 1444 tatem
194 1385 281 1444 illam
305 1385 421 1444 montis
445 1385 500 1445 Dei
525 1385 624 1444 sancti
649 1385 743 1461 Syna,
768 1386 822 1446 ubi
846 1386 919 1447 data
941 1389 991 1446 est
1012 1388 1072 1457 lex,
1097 1387 1131 1446 in

72 1492 112 1532 eo
138 1474 170 1533 id
193 1479 242 1533 est
265 1475 344 1546 loeo,
368 1475 423 1533 ubi
447 1475 610 1535 deseendit
632 1475 779 1535 maiestas
803 1475 928 1535 Domini
951 1475 985 1533 in
1007 1494 1046 1535 ea
1069 1475 1130 1548 die,

75 1580 138 1640 qua
165 1581 255 1623 mons
284 1547 464 1641 tuinigabat.
510 1566 543 1628 3.
572 1566 609 1623 ln
634 1582 673 1623 eo
700 1583 774 1640 ergo
801 1565 871 1624 loco
898 1568 948 1624 est
974 1582 1056 1625 nunc
1084 1583 1131 1624 ee·

1 1709 5 1714 ,
74 1654 174 1713 alesia
190 1672 256 1713 non
276 1654 411 1730 grandis,
432 1654 579 1730 quoniam
595 1657 629 1714 et
645 1655 713 1730 ipse
732 1655 830 1726 loeus,
850 1654 881 1714 id
899 1658 948 1714 est
966 1655 1130 1716 summitas

71 1744 199 1815 montis,
217 1741 286 1802 'non
308 1745 385 1802 satis
407 1743 532 1819 grandis
551 1749 616 1816 est;
639 1762 718 1820 quae
741 1748 845 1803 tamen
864 1744 1018 1804 aecclesia
1037 1744 1132 1804 habet

61 1833 114 1915 'de
135 1850 169 1896 se
189 1835 318 1908 gratiam
338 1833 494 1908 grandem.
533 1835 565 1908 4,
588 1833 665 1894 Cum
683 1851 757 1909 ergo
776 1834 903 1894 iubente
922 1834 986 1892 Deo
1005 1832 1130 1910 persuli-

73 1923 208 1982 issemus
235 1923 268 1980 in
293 1923 363 1998 ipsa
386 1922 568 1982 summitate
591 1927 624 1982 et
649 1925 901 1999 peruenissemus
928 1924 968 1982 ad
992 1924 1131 1982 hostium

73 2012 175 2087 ipsius
205 2012 367 2084 ecclesiae,
397 2031 471 2072 ecoe
500 2017 533 2071 et
560 2013 697 2072 occurrit
726 2014 888 2089 presbyter
918 2014 1049 2087 ueniens
1069 2012 1073 2089 Ι
1092 2014 1130 2074 de
1148 2025 1181 2070 33

73 2104 265 2162 monasterio
283 2121 350 2174 suo,
370 2103 423 2178 qui
439 2102 501 2178 ipsi
516 2104 648 2163 ecclesie
666 2102 882 2178 deputabatur,
901 2121 998 2162 senex
1014 2103 1132 2178 integer
1176 2116 1229 2205 ‘apg
1244 2088 1296 2166 ers

1 2213 3 2238 ·
40 2235 45 2246 .
73 2195 118 2250 θ1
134 2191 306 2251 monachus
334 2210 357 2250 a
384 2194 487 2268 prima
513 2193 581 2251 uita
607 2197 648 2264 ct,
678 2196 714 2252 ut
740 2193 790 2251 hic
819 2193 935 2264 dicunt,
965 2193 1071 2274 ascitis
1100 2196 1132 2252 et
1164 2195 1177 2226 ²

75 2280 165 2360 (quid
191 2281 314 2360 plural)
343 2281 444 2359 qualis
469 2282 581 2358 dignus
606 2285 656 2341 est
679 2301 750 2342 esse
775 2283 809 2341 in
833 2300 871 2342 eo
896 2284 976 2341 loco.
1021 2281 1131 2341 Occur-

73 2374 182 2430 rerunt
206 2372 301 2430 etiam
326 2371 438 2435 etalii
463 2363 645 2447 presbiteri,
673 2390 731 2430 nec
758 2390 821 2431 non
845 2372 940 2430 etiam
965 2374 997 2431 et
1022 2389 1130 2431 omnes

72 2461 229 2532 monachi,
257 2461 310 2536 qui
335 2460 379 2519 ibi
403 2462 677 2521 commorabantur
701 2461 790 2521 iuxta
813 2465 951 2522 montem
977 2460 1074 2532 illum,
1099 2461 1132 2520 id

72 2554 124 2608 est
156 2551 210 2626 qui
242 2554 345 2609 tamen
374 2555 431 2609 aut
458 2554 541 2612 etate
572 2553 628 2610 aut
658 2551 879 2626 inbeccillitaite
910 2569 974 2610 non
1005 2551 1132 2610 fuerunt

73 2639 226 2715 impediti.
265 2642 298 2704 ὅ.
318 2640 432 2700 Verum
452 2645 556 2700 autem
574 2641 606 2698 in
625 2642 695 2716 ipsa
715 2641 893 2700 summitate
910 2640 1027 2699 montis
1046 2640 1131 2698 illius

71 2729 211 2788 mediani
238 2730 344 2788 nullus
371 2736 548 2789 commanet
554 2752 562 2802 ς
588 2731 683 2788 nichil
707 2731 793 2790 enim
816 2734 867 2790 est
891 2729 934 2788 ibi
959 2730 1044 2788 aliud
1069 2729 1133 2788 nisi

16 2831 62 2873 ea.
75 2819 146 2878 sola
161 2820 296 2878 eeclesia
311 2823 345 2878 et
358 2822 518 2895 spelunca,
535 2820 589 2878 ubi
607 2819 667 2880 tuit
683 2824 810 2879 sanctus
826 2819 961 2896 Moyses.
987 2821 1021 2884 6.
1036 2818 1133 2880 Lecto

71 2925 146 2984 ergo
166 2909 240 2984 ipso
266 2910 334 2968 loco
361 2909 489 2986 omni[a]
517 2910 555 2968 de
581 2910 660 2968 libro
686 2909 785 2985 Moysi
812 2913 843 2969 et
867 2909 951 2968 tacta
975 2909 1134 2969 oblatione

71 2997 187 3057 ordine
209 3014 276 3070 sue,
299 2999 358 3056 hac
381 2999 426 3057 sic
448 2999 749 3060 communicantibus
773 2999 873 3070 nobis,
897 2999 959 3056 iam
980 3003 1016 3058 ut
1034 2998 1132 3058 exire·

17 3126 20 3134 ,
59 3104 145 3154 ,mus
175 3087 213 3146 de
244 3088 406 3159 aecclesia,
435 3088 589 3146 dederunt
615 3087 709 3147 nobis
739 3087 912 3163 presbyteri
941 3087 1002 3147 loci
1031 3087 1130 3164 ipsius

72 3177 226 3252 eulogias,
250 3177 282 3235 id
304 3181 355 3236 est
374 3177 414 3238 de
437 3177 546 3254 pomis,
572 3195 651 3253 quae
673 3177 797 3252 inipso
820 3183 926 3255 monte
949 3182 1130 3236 nascuntur.

52 3265 154 3324 =Nam
179 3284 250 3325 cum
274 3268 344 3342 ipse
365 3284 455 3326 mons
478 3271 607 3326 sanctus
633 3267 719 3343 Syna
743 3270 825 3326 totus
849 3268 989 3343 petrinus
1014 3268 1063 3338 sit,
1088 3268 1138 3326 ita

73 3359 109 3414 ut
140 3372 198 3414 nec
229 3355 372 3416 trutioem
401 3356 524 3428 habeat,
555 3360 660 3416 tamen
691 3356 839 3418 deorsum
868 3373 963 3433 prope
993 3356 1132 3416 radicem
1289 3426 1294 3438 a

48 3446 229 3518 ¹montium
258 3446 407 3521 ipsorum,
436 3447 469 3505 id
495 3449 548 3504 est
571 3463 632 3506 seu
659 3445 748 3515 circa
770 3446 854 3504 illius
884 3445 937 3522 qui
966 3445 1130 3506 medianus
1166 3468 1169 3482 ¹
1206 3473 1208 3476 ·

72 3538 121 3590 est
152 3550 205 3590 seu
240 3530 315 3590 circa
348 3531 464 3591 illorum
499 3531 548 3607 qui
580 3551 631 3608 per
662 3532 724 3608 giro
754 3539 832 3604 sunt,
866 3531 980 3591 modica
1009 3530 1135 3592 terrola²

72 3619 123 3674 est
130 3636 137 3686 ;
166 3616 271 3674 statim
296 3616 397 3674 sancti
424 3615 569 3675 monachi
595 3633 650 3692 pro
678 3615 839 3692 diligentia
864 3634 922 3675 sua
947 3614 1132 3674 arbusculas

74 3708 190 3777 ponunt
230 3706 259 3759 et
298 3701 457 3776 pomariola
498 3701 654 3760 instituunt
694 3703 739 3761 uel
774 3699 943 3772 arationes³‚
985 3709 1013 3760 et
1053 3701 1134 3760 iuxta

73 3783 137 3844 sibi
151 3784 351 3856 monasteria,
369 3785 458 3860 quasi
472 3804 513 3844 ex
527 3787 626 3861 ipsius
641 3785 758 3846 montis
775 3790 859 3844 terra
871 3785 995 3861 aliquos
1010 3785 1131 3843 tructus

75 3876 210 3948 capiant,
240 3892 319 3950 quos
348 3878 451 3933 tamen
478 3875 624 3934 manibus
652 3875 719 3934 suis
746 3875 927 3934 elaborasse
956 3874 1131 3933 uideantur.

1321 2017 1344 2126 ἕ·

148 4065 157 4098 ¹
176 4083 228 4136 que
246 4069 281 4121 A.
304 4095 333 4106 —
354 4067 366 4098 ²
384 4068 491 4122 nerrola
510 4070 543 4122 Α.
564 4098 596 4104 -
618 4067 782 4120 3οτειι1οιιθθ
801 4070 834 4120 A.

1003 4169 1029 4210 1*
