2884 4738
746 301 932 358 „2-

310 459 358 515 est
378 456 431 514 ubi
453 456 548 520 rubus
569 460 645 528 erat,
669 456 743 532 quia
764 455 874 515 melior
894 456 1065 515 descensus
1087 457 1202 516 montis
1225 456 1280 515 Dei
1296 460 1368 516 erat

235 595 239 603 ,
310 544 397 603 inde:
430 545 537 621 itaque
565 563 638 620 ergo
670 545 729 604 hoc
761 544 888 619 placuit,
920 548 956 603 ut
986 544 1063 604 uisis
1096 546 1249 617 omnibuS,
1287 564 1367 623 quae

310 633 572 705 desiderabamus,
599 632 822 693 descendentes
847 651 867 691 a
892 637 996 700 monte
1023 634 1088 705 Dei,
1115 633 1169 693 ubi
1197 636 1245 694 est
1269 635 1366 693 rubus

309 723 494 794 ueniremuS,
517 726 550 781 et
572 721 644 781 inde
669 725 768 781 totum
792 739 847 797 per
871 722 1007 781 mediam
1031 723 1146 781 uallem
1169 723 1278 799 ipsam,
1304 742 1366 800 qua

308 811 443 877 iacetin
465 811 567 886 longo,
591 810 761 869 rediremus
785 810 825 868 ad
848 809 906 869 iter
929 829 1000 870 cum
1023 811 1200 870 hominibus
1224 811 1289 895 Dei,
1315 812 1366 888 qui

309 899 398 958 nobis
426 901 549 974 singula
574 900 653 971 loca,
682 917 760 976 quae
789 899 905 975 scripta
932 903 1014 970 sunt,
1042 917 1097 975 per
1122 900 1223 975 ipsam
1250 900 1364 959 uallem

308 988 522 1060 ostendebant,
541 988 622 1046 sicut
637 991 668 1047 et
685 988 800 1047 tactum
819 990 874 1046 est.
903 989 936 1062 4.
955 987 1052 1047 Nobis
1071 1005 1142 1064 ergo
1161 988 1307 1047 euntibus
1328 991 1366 1047 ab

308 1095 345 1137 eo
369 1077 447 1149 loon,
472 1077 525 1135 ubi
547 1077 710 1136 uenientes
735 1073 879 1134 a'Faran
903 1077 1075 1136 feneramus
1101 1077 1283 1148 orationem,
1308 1077 1372 1156 iter,¹

307 1165 353 1224 sic
372 1166 440 1237 fuit,
459 1169 494 1223 ut
511 1183 565 1240 per
581 1164 718 1224 medium
749 1172 1015 1225 transuersaremus
1044 1156 1138 1240 capu't
1153 1165 1253 1240 ipsius
1271 1165 1365 1225 uallis

262 1282 266 1289 =
306 1257 338 1312 et
364 1255 415 1314 sic'
437 1255 628 1329 plecaremus
654 1272 713 1313 nos
741 1254 780 1312 ad
807 1257 945 1314 montem
972 1253 1038 1312 Dei.
1083 1257 1116 1319 5.
1142 1254 1232 1313 Mons
1259 1259 1366 1314 autern

184 1392 187 1400 .
214 1368 217 1381 =
249 1409 253 1419 Ι
308 1335 375 1416 ip'se
395 1359 450 1418 per
470 1343 535 1417 giro
556 1341 679 1418 quidem
698 1360 780 1401 unus
800 1360 871 1401 esse
892 1343 1015 1400 uidetur
1023 1364 1030 1414 ;
1050 1343 1135 1401 intus
1156 1347 1266 1420 autern,
1281 1344 1366 1419 quod

308 1431 487 1506 ingrederis
518 1432 622 1505 plures
650 1438 734 1503 sunt,
764 1431 820 1489 sed
849 1435 947 1490 totum
976 1447 1066 1490 mons
1096 1430 1152 1490 Dei
1180 1432 1365 1507 appellatur,

214 1540 241 1581 ar
255 1539 296 1581 ca.
308 1519 453 1593 specialis
475 1523 579 1578 autem
599 1520 662 1590 ille,
684 1519 716 1578 in
738 1520 826 1579 cuius
849 1519 1028 1580 summitate
1049 1522 1099 1578 est
1119 1519 1169 1578 hic
1189 1521 1288 1592 locuS,
1310 1520 1384 1578 ubi‘

269 1657 271 1660 .
307 1607 467 1666 descendit
490 1609 638 1668 maiestas
664 1609 740 1680 Dei,'
754 1609 835 1668 sicut
858 1609 1008 1683 scriptum
1031 1613 1088 1680 est,
1114 1608 1148 1667 in
1171 1608 1274 1667 medio
1299 1609 1366 1667 illo-

305 1712 372 1754 rum
391 1694 394 1772 l
412 1698 554 1756 omniurn
578 1701 635 1767 est.
680 1699 713 1762 6.
739 1697 872 1756 Etcum
898 1698 930 1755 hi
957 1705 1077 1776 omnesq
1105 1698 1157 1773 qui
1182 1715 1237 1772 per
1263 1697 1365 1773 girum
1377 1706 1401 1751 rr

305 1790 386 1857 sunt,
414 1789 476 1844 tam
500 1787 619 1845 excelsi
643 1787 726 1845 sinte
750 1801 846 1862 ¹quarn
872 1804 1032 1862 nunquam
1057 1805 1107 1846 me
1132 1791 1208 1862 puto
1233 1786 1366 1860 uidisse,

306 1877 408 1932 tamen
432 1875 499 1948 ipse
524 1874 576 1934 ille
600 1875 773 1946 medianus,
797 1875 830 1932 in
854 1891 915 1950 quo
941 1875 1103 1936 descendit
1124 1875 1272 1934 maiestas
1296 1875 1364 1949 Dei,

305 1965 391 2021 tanto
415 1963 508 2021 altior
531 1966 580 2021 est
601 1963 747 2022 omnibus
770 1963 843 2035 illis,
868 1967 903 2022 ut
927 1981 997 2024 cum
1021 1964 1216 2022 subissemus
1241 1964 1274 2022 in
1298 1963 1366 2036 ille,

305 2067 431 2125 prorsus
452 2053 510 2111 toti
530 2051 576 2109 illi
594 2057 725 2123 montes,
746 2069 825 2128 quos
844 2054 988 2111 excelsos
1008 2051 1197 2124 uideremus,
1217 2052 1261 2111 ita
1279 2053 1368 2112 inira

304 2157 362 2198 nos
384 2143 493 2198 essent
515 2158 550 2198 ac
573 2141 601 2199 si
622 2140 759 2199 colliculi
781 2141 950 2215 permodici
971 2145 1088 2200 essent.
1129 2143 1161 2206 7.
1184 2141 1264 2200 Illud
1287 2159 1367 2201 sane

305 2229 381 2301 satis
403 2228 584 2287 admirabile
603 2231 653 2287 est
673 2233 703 2288 et
720 2229 788 2288 sine
809 2229 864 2298 Dei
886 2231 985 2305 gratia
1004 2233 1077 2304 puto
1096 2229 1175 2288 illud
1195 2247 1260 2288 non
1279 2248 1366 2302 esse,

303 2327 338 2384 ut
369 2343 439 2384 cum
468 2323 615 2383 omnibus
646 2323 747 2381 altior·
766 2321 811 2380 sit
839 2320 892 2379 ille
923 2320 1098 2391 medianus,
1130 2318 1183 2395 qui
1215 2317 1366 2393 specialis

305 2414 389 2489 Syna
418 2414 540 2484 dicitur,
569 2412 602 2470 id
629 2415 679 2470 est
706 2411 741 2469 in
769 2427 830 2486 quo
861 2408 1022 2468 descendit
1048 2407 1195 2468 maiestas
1225 2406 1363 2479 Domini,

303 2507 406 2562 tamen
430 2502 531 2561 uideri
558 2519 622 2560 non
646 2499 755 2575 possit,
780 2498 841 2557 nisi
865 2498 907 2557 ad
932 2497 1089 2573 propriam
1113 2497 1250 2556 radicem
1274 2494 1365 2556 illius

302 2593 437 2662 ueneris,
464 2594 535 2649 ante
561 2593 663 2648 tamen
689 2604 783 2663 quam
806 2605 880 2646 eum
903 2586 1033 2657 subeas;
1059 2603 1132 2644 nam
1156 2589 1366 2660 posteaquam

305 2681 456 2754 completo
486 2677 641 2737 desiderio
672 2674 868 2735 descenderis
897 2673 980 2745 inde,
1008 2677 1041 2732 et
1069 2673 1106 2731 de
1136 2677 1244 2732 contra
1272 2673 1365 2732 illurn

304 2773 402 2843 uides
435 2772 527 2848 quod,
559 2774 727 2846 antequam
760 2768 882 2840 subeas,
915 2767 1016 2826 iacere
1047 2785 1111 2826 non
1142 2770 1252 2842 potest.
1295 2767 1365 2826 Hoc

209 2874 235 2914 aa
249 2873 276 2916 a.
303 2861 414 2928 autem,
430 2861 598 2931 antequam
614 2855 848 2929 perueniremus
862 2852 903 2911 ad
917 2857 1056 2911 montem
1070 2852 1135 2922 Dei,
1150 2851 1214 2908 iam
1228 2849 1364 2910 referen-

302 2951 384 3009 tibus
410 2949 557 3008 iratribus
585 2964 801 3023 cognoueram,
829 2949 860 3006 et
886 2950 1052 3021 postquam
1078 2944 1121 3004 ibi
1148 2943 1284 3019 perueni,
1314 2944 1362 3003 ita

302 3053 372 3094 esse
395 3034 559 3094 manifeste
583 3033 726 3107 cognoui.

374 3127 423 3185 lll.
446 3128 479 3190 1.
501 3125 564 3185 Nos
584 3141 658 3200 ergo
679 3123 810 3183 sabbato
829 3141 902 3183 sora
924 3122 1057 3199 ingressi
1077 3139 1184 3181 sumus
1205 3123 1359 3194 montem,

300 3221 331 3276 et
350 3217 566 3292 perueniantes
588 3215 627 3272 ad
648 3215 837 3273 monasteria
858 3213 990 3288 quedam
1012 3214 1215 3286 susceperunt
1234 3228 1292 3269 nos
1313 3211 1360 3269 ibi

303 3307 379 3364 satis
401 3306 534 3363 humane
554 3302 711 3372 monachi,
732 3301 785 3377 qui
804 3301 846 3359 ibi
867 3301 1148 3370 commorabantur,
1170 3300 1359 3375 praebentes

301 3395 392 3455 nobis
418 3411 542 3451 omnem
568 3392 793 3451 humanitatem
801 3412 809 3462 ;
834 3409 907 3449 nam
930 3393 963 3450 et
985 3389 1121 3449 ecclesia
1143 3388 1187 3446 ibi
1211 3391 1259 3447 est
1282 3405 1357 3447 cum

201 3494 229 3539 aa
243 3498 285 3539 ca.
303 3484 493 3559 presbytero.
537 3481 583 3540 lbi
607 3498 680 3557 ergo
704 3479 876 3540 mansimus
900 3481 933 3539 in
957 3497 997 3538 ea
1020 3467 1120 3551 nocte,
1144 3482 1176 3538 et
1198 3477 1273 3536 inde
1293 3495 1360 3536 ma-

301 3575 401 3633 turius
434 3573 484 3630 die
517 3571 671 3634 domirn'oa
702 3588 774 3630 cum
804 3571 873 3645 ipso
905 3569 1086 3645 presbytero
1117 3571 1149 3626 et
1178 3566 1354 3640 monachia,

301 3664 354 3739 qui
371 3662 413 3720 ibi
430 3660 708 3731 commorabantur,
725 3659 863 3735 cepimus
880 3659 1048 3718 ascendere
1064 3663 1184 3718 montes
1202 3656 1354 3732 singulos

302 3751 361 3826 Qui
381 3754 501 3809 montes
522 3767 593 3809 cum
613 3749 735 3808 infinito
754 3749 861 3808 labore
880 3749 1100 3819 ascenduntur,
1123 3745 1269 3835 quoniam
1289 3763 1358 3806 non

299 3859 353 3900 eos
377 3840 464 3899 subis
488 3840 569 3898 lente
589 3843 622 3898 et
642 3841 725 3898 lente
747 3856 801 3914 per
824 3838 932 3914 girum,
953 3842 988 3898 ut
1007 3837 1140 3896 dicimus
1162 3837 1195 3893 in
1217 3835 1354 3908 cocleas,

370 4027 380 4060 ²
397 4035 459 4084 sunt
476 4030 511 4082 A.
